1483634259,955.510000000000,0.015000000000
1483634272,953.880000000000,0.850000000000
1483634278,953.880000000000,0.063000000000
1483634279,953.880000000000,0.064000000000
1483634280,953.880000000000,0.023000000000
1483634283,952.510000000000,0.015000000000
1483634285,952.400000000000,0.063000000000
1483634292,951.510000000000,0.016600000000
1483634293,951.430000000000,0.180100000000
1483634324,949.620000000000,0.024000000000
1483634324,949.620000000000,0.064000000000
1483634351,947.510000000000,0.033300000000
1483634354,946.660000000000,0.050000000000
1483634359,946.510000000000,0.020000000000
1483634359,946.510000000000,0.030000000000
1483634368,946.410000000000,0.063000000000
1483634369,946.410000000000,0.064000000000
1483634369,946.410000000000,0.059000000000
1483634369,946.410000000000,0.064000000000
1483634369,947.100000000000,0.064000000000
1483634369,947.100000000000,0.061000000000
1483634369,946.410000000000,0.062000000000
1483634370,947.180000000000,0.064000000000
1483634370,947.100000000000,0.065000000000
1483634371,947.180000000000,0.063000000000
1483634383,947.180000000000,0.063000000000
1483634383,947.180000000000,0.063000000000
1483634383,947.180000000000,0.062000000000
1483634383,947.180000000000,0.064000000000
1483634383,947.180000000000,0.064000000000
1483634384,947.180000000000,0.064000000000
1483634384,947.180000000000,0.065000000000
1483634384,947.180000000000,0.061000000000
1483634395,945.540000000000,0.316000000000
1483634406,946.000000000000,0.025000000000
1483634407,945.000000000000,50.000000000000
1483634407,945.510000000000,0.050000000000
1483634418,944.980000000000,0.062000000000
1483634419,944.980000000000,0.064000000000
1483634421,944.040000000000,0.056100000000
1483634427,941.970000000000,1.000000000000
1483634432,941.410000000000,1.000000000000
1483634440,940.250000000000,0.084900000000
1483634440,940.510000000000,0.025000000000
1483634441,940.030000000000,0.890100000000
1483634451,938.460000000000,0.290000000000
1483634453,937.560000000000,0.050000000000
1483634455,937.330000000000,0.500000000000
1483634467,937.710000000000,0.064000000000
1483634467,937.710000000000,0.063000000000
1483634468,937.330000000000,0.045400000000
1483634468,937.330000000000,0.018600000000
1483634468,937.330000000000,0.064000000000
1483634469,938.280000000000,0.061000000000
1483634469,938.280000000000,0.063000000000
1483634470,938.280000000000,0.062000000000
1483634470,938.280000000000,0.062000000000
1483634470,938.280000000000,0.065000000000
1483634470,938.280000000000,0.064000000000
1483634496,943.070000000000,3.171000000000
1483634580,953.050000000000,0.400000000000
1483634582,953.050000000000,17.500000000000
1483634635,953.640000000000,0.064000000000
1483634636,953.640000000000,0.062000000000
1483634636,953.640000000000,0.063000000000
1483634636,953.640000000000,0.061000000000
1483634636,953.640000000000,0.062000000000
1483634636,953.590000000000,0.060000000000
1483634637,953.590000000000,0.063000000000
1483634645,953.650000000000,30.000000000000
1483634652,954.300000000000,2.370000000000
1483634671,954.300000000000,0.063000000000
1483634671,954.300000000000,0.064000000000
1483634671,954.300000000000,0.061000000000
1483634671,954.300000000000,0.062000000000
1483634671,954.300000000000,0.062000000000
1483634671,954.300000000000,0.063000000000
1483634672,954.300000000000,0.060000000000
1483634700,953.910000000000,2.000000000000
1483634701,953.890000000000,0.061000000000
1483634701,953.900000000000,2.000000000000
1483634701,953.890000000000,0.062000000000
1483634701,953.890000000000,0.063000000000
1483634735,949.510000000000,0.063000000000
1483634736,949.510000000000,0.063000000000
1483634736,949.510000000000,0.063000000000
1483634736,949.510000000000,0.064000000000
1483634736,949.510000000000,0.060000000000
1483634737,949.510000000000,0.062000000000
1483634737,949.510000000000,0.062000000000
1483634755,949.510000000000,0.063000000000
1483634755,949.510000000000,0.063000000000
1483634755,949.510000000000,0.062000000000
1483634755,949.510000000000,0.060000000000
1483634755,949.510000000000,0.061000000000
1483634755,949.510000000000,0.064000000000
1483634756,949.510000000000,0.063000000000
1483634756,949.510000000000,0.062000000000
1483634756,949.510000000000,0.063000000000
1483634756,949.510000000000,0.062000000000
1483634777,953.190000000000,1.000000000000
1483634800,953.600000000000,0.062000000000
1483634801,953.600000000000,0.062000000000
1483634801,953.600000000000,0.062000000000
1483634801,953.600000000000,0.060000000000
1483634801,953.600000000000,0.064000000000
1483634801,953.600000000000,0.060000000000
1483634801,953.600000000000,0.062000000000
1483634801,953.600000000000,0.062000000000
1483634802,953.580000000000,3.139000000000
1483634802,953.600000000000,0.061000000000
1483634802,953.600000000000,0.062000000000
1483634821,953.640000000000,0.062000000000
1483634822,953.640000000000,0.062000000000
1483634822,953.640000000000,0.062000000000
1483634822,953.640000000000,0.062000000000
1483634822,953.640000000000,0.060000000000
1483634822,953.640000000000,0.060000000000
1483634822,953.640000000000,0.062000000000
1483634822,953.640000000000,0.061000000000
1483634823,953.640000000000,0.062000000000
1483634823,953.640000000000,0.064000000000
1483634884,957.890000000000,0.085200000000
1483634898,957.890000000000,1.000000000000
1483634898,957.890000000000,1.150000000000
1483634898,957.890000000000,1.000000000000
1483634904,960.820000000000,1.000000000000
1483634905,960.900000000000,1.000000000000
1483634916,960.940000000000,0.062000000000
1483634917,960.940000000000,0.062000000000
1483634917,960.940000000000,0.061000000000
1483634917,960.940000000000,0.062000000000
1483634917,960.940000000000,0.060000000000
1483634917,960.580000000000,30.000000000000
1483634917,960.940000000000,0.059000000000
1483634917,960.940000000000,0.062000000000
1483634927,960.230000000000,0.061000000000
1483634927,960.230000000000,0.060000000000
1483634927,960.230000000000,0.062000000000
1483634927,960.230000000000,0.062000000000
1483634927,960.230000000000,0.059000000000
1483634929,961.190000000000,0.062000000000
1483634929,961.190000000000,1.000000000000
1483634967,959.500000000000,0.059000000000
1483634967,959.500000000000,0.061000000000
1483634967,959.500000000000,0.060000000000
1483634967,959.500000000000,0.059000000000
1483634967,959.500000000000,0.063000000000
1483634967,959.500000000000,0.061000000000
1483634968,959.500000000000,0.062000000000
1483634968,959.500000000000,0.062000000000
1483634968,959.500000000000,0.062000000000
1483634982,957.870000000000,30.000000000000
1483634996,956.690000000000,3.137000000000
1483634996,956.920000000000,0.320000000000
1483634996,956.920000000000,1.300000000000
1483635001,958.550000000000,0.035200000000
1483635013,956.770000000000,0.061000000000
1483635014,956.770000000000,0.060000000000
1483635014,956.770000000000,0.059000000000
1483635014,956.770000000000,0.062000000000
1483635015,956.770000000000,0.063000000000
1483635015,957.960000000000,0.945000000000
1483635022,956.770000000000,0.062000000000
1483635023,956.770000000000,0.062000000000
1483635023,956.770000000000,0.061000000000
1483635057,957.960000000000,1.000000000000
1483635058,957.960000000000,1.000000000000
1483635058,957.960000000000,0.059000000000
1483635058,957.960000000000,1.000000000000
1483635069,958.550000000000,1.000000000000
1483635082,958.550000000000,1.000000000000
1483635107,958.610000000000,23.147500000000
1483635132,957.220000000000,30.000000000000
1483635206,955.740000000000,0.062000000000
1483635207,955.740000000000,0.061000000000
1483635208,955.740000000000,0.059000000000
1483635213,955.000000000000,0.025000000000
1483635278,955.740000000000,0.061000000000
1483635278,955.740000000000,0.062000000000
1483635278,955.730000000000,10.000000000000
1483635279,955.740000000000,0.059000000000
1483635329,955.920000000000,0.035000000000
1483635329,955.920000000000,0.061000000000
1483635330,955.900000000000,0.059000000000
1483635330,955.920000000000,0.063000000000
1483635330,955.990000000000,0.062000000000
1483635330,955.900000000000,0.062000000000
1483635330,955.920000000000,0.060000000000
1483635331,954.980000000000,0.480000000000
1483635331,955.900000000000,0.061000000000
1483635331,954.980000000000,0.410000000000
1483635332,954.350000000000,0.062000000000
1483635335,954.350000000000,0.059000000000
1483635370,953.490000000000,0.410000000000
1483635371,953.410000000000,0.059000000000
1483635371,953.410000000000,0.059000000000
1483635372,953.410000000000,0.063000000000
1483635372,953.410000000000,0.062000000000
1483635373,953.410000000000,0.061000000000
1483635375,953.490000000000,1.190000000000
1483635382,953.410000000000,0.376000000000
1483635383,952.700000000000,0.430000000000
1483635385,953.080000000000,0.139800000000
1483635398,952.770000000000,0.380000000000
1483635401,952.770000000000,0.410000000000
1483635404,952.770000000000,0.010000000000
1483635410,952.770000000000,0.062000000000
1483635411,952.770000000000,0.061000000000
1483635411,952.770000000000,0.062000000000
1483635411,952.770000000000,0.060000000000
1483635411,952.770000000000,0.062000000000
1483635461,954.640000000000,1.840000000000
1483635462,955.180000000000,0.115000000000
1483635463,955.550000000000,1.840000000000
1483635522,955.710000000000,0.060000000000
1483635522,955.710000000000,0.061000000000
1483635523,955.710000000000,0.059000000000
1483635523,955.710000000000,0.059000000000
1483635523,955.710000000000,0.061000000000
1483635523,955.710000000000,0.062000000000
1483635523,955.710000000000,0.061000000000
1483635523,955.710000000000,0.063000000000
1483635523,955.710000000000,0.061000000000
1483635524,955.710000000000,0.062000000000
1483635544,955.130000000000,0.061000000000
1483635544,955.130000000000,0.059000000000
1483635545,955.130000000000,0.059000000000
1483635545,955.130000000000,0.062000000000
1483635545,955.130000000000,0.063000000000
1483635545,955.130000000000,0.061000000000
1483635545,955.130000000000,0.061000000000
1483635545,955.130000000000,0.062000000000
1483635546,955.130000000000,0.061000000000
1483635546,955.130000000000,0.060000000000
1483635705,958.120000000000,1.000000000000
1483635709,958.400000000000,1.000000000000
1483635764,962.000000000000,0.119000000000
1483635772,962.000000000000,19.881000000000
1483635961,967.450000000000,0.199500000000
1483635991,968.210000000000,1.000000000000
1483635992,968.210000000000,0.810000000000
1483636011,968.570000000000,3.090000000000
1483636026,969.210000000000,0.032300000000
1483636154,969.040000000000,0.084800000000
1483636171,969.040000000000,0.262600000000
1483636174,968.810000000000,0.060000000000
1483636174,968.810000000000,0.060000000000
1483636174,968.810000000000,0.060000000000
1483636174,968.810000000000,0.061000000000
1483636175,968.810000000000,0.061000000000
1483636175,968.810000000000,0.058000000000
1483636175,968.810000000000,0.060000000000
1483636175,968.810000000000,0.058000000000
1483636176,968.810000000000,0.059000000000
1483636253,968.810000000000,0.060000000000
1483636254,968.810000000000,0.061000000000
1483636254,968.810000000000,0.058000000000
1483636254,968.810000000000,0.061000000000
1483636254,968.810000000000,0.059000000000
1483636255,968.810000000000,0.060000000000
1483636255,968.810000000000,0.060000000000
1483636255,968.810000000000,0.060000000000
1483636256,968.920000000000,0.603000000000
1483636256,968.810000000000,0.058000000000
1483636308,968.580000000000,1.000000000000
1483636309,968.210000000000,0.910000000000
1483636309,968.490000000000,0.910000000000
1483636320,967.970000000000,2.060000000000
1483636341,966.800000000000,0.061000000000
1483636357,966.400000000000,0.100000000000
1483636372,965.570000000000,1.020000000000
1483636374,965.250000000000,0.100000000000
1483636375,965.250000000000,0.030000000000
1483636429,962.410000000000,0.061000000000
1483636430,962.410000000000,0.058000000000
1483636430,962.410000000000,0.060000000000
1483636430,962.410000000000,0.061000000000
1483636430,962.410000000000,0.061000000000
1483636430,962.410000000000,0.059000000000
1483636430,962.410000000000,0.059000000000
1483636430,962.410000000000,0.060000000000
1483636431,962.410000000000,0.062000000000
1483636436,963.280000000000,1.000000000000
1483636441,962.210000000000,0.061000000000
1483636442,962.210000000000,0.060000000000
1483636442,962.210000000000,0.061000000000
1483636442,962.210000000000,0.060000000000
1483636442,962.210000000000,0.059000000000
1483636442,962.210000000000,0.062000000000
1483636442,962.210000000000,0.058000000000
1483636442,962.210000000000,0.061000000000
1483636443,962.210000000000,0.059000000000
1483636443,962.210000000000,0.061000000000
1483636445,962.470000000000,30.000000000000
1483636453,963.850000000000,5.790000000000
1483636457,964.160000000000,0.100000000000
1483636461,964.150000000000,0.100000000000
1483636466,963.750000000000,0.060000000000
1483636470,963.750000000000,0.040000000000
1483636505,963.740000000000,12.200000000000
1483636564,965.280000000000,0.060000000000
1483636564,965.870000000000,0.060000000000
1483636564,965.840000000000,0.060000000000
1483636564,965.870000000000,0.059000000000
1483636564,965.870000000000,0.060000000000
1483636565,965.280000000000,0.058000000000
1483636566,965.280000000000,0.060000000000
1483636566,965.280000000000,0.060000000000
1483636566,965.280000000000,0.058000000000
1483636566,965.280000000000,0.062000000000
1483636602,965.450000000000,0.018500000000
1483636628,965.450000000000,0.062000000000
1483636629,965.450000000000,0.058000000000
1483636629,965.450000000000,0.059000000000
1483636629,965.450000000000,0.060000000000
1483636629,965.450000000000,0.060000000000
1483636629,965.450000000000,0.060000000000
1483636629,965.450000000000,0.060000000000
1483636629,965.450000000000,0.060000000000
1483636630,965.450000000000,0.058000000000
1483636637,966.930000000000,0.100000000000
1483636641,966.930000000000,0.100000000000
1483636642,966.930000000000,0.500000000000
1483636645,966.930000000000,0.100000000000
1483636648,966.930000000000,0.230000000000
1483636650,966.930000000000,0.410000000000
1483636656,967.460000000000,2.220000000000
1483636658,967.770000000000,6.250000000000
1483636669,968.770000000000,0.223900000000
1483636704,968.480000000000,2.900000000000
1483636715,967.420000000000,2.200000000000
1483636716,967.420000000000,0.060000000000
1483636716,967.420000000000,0.057000000000
1483636716,967.420000000000,0.019000000000
1483636716,967.420000000000,0.062000000000
1483636716,967.420000000000,0.060000000000
1483636716,967.420000000000,0.059000000000
1483636716,967.420000000000,0.059000000000
1483636717,967.420000000000,0.058000000000
1483636717,967.420000000000,0.060000000000
1483636717,967.420000000000,0.060000000000
1483636717,965.740000000000,0.100000000000
1483636717,966.700000000000,3.099000000000
1483636720,960.480000000000,3.118000000000
1483636814,964.020000000000,0.025000000000
1483636815,964.020000000000,0.062000000000
1483636815,964.020000000000,0.060000000000
1483636815,964.020000000000,0.057000000000
1483636815,964.020000000000,0.058000000000
1483636815,964.020000000000,0.061000000000
1483636815,964.020000000000,0.060000000000
1483636816,964.020000000000,0.060000000000
1483636816,964.020000000000,0.059000000000
1483636816,964.020000000000,0.059000000000
1483636816,964.020000000000,0.060000000000
1483636930,963.650000000000,0.058000000000
1483636930,963.650000000000,0.061000000000
1483636930,963.650000000000,0.057000000000
1483636930,963.650000000000,0.060000000000
1483636930,963.650000000000,0.060000000000
1483636930,963.650000000000,0.059000000000
1483636931,963.650000000000,0.062000000000
1483636931,960.480000000000,0.100000000000
1483636933,957.350000000000,1.090000000000
1483636934,957.350000000000,0.060000000000
1483636935,957.350000000000,0.060000000000
1483636935,957.350000000000,0.059000000000
1483636936,962.000000000000,0.058000000000
1483636937,962.000000000000,0.059000000000
1483636937,962.000000000000,0.060000000000
1483636937,962.000000000000,0.060000000000
1483636937,962.000000000000,0.061000000000
1483636938,962.000000000000,0.062000000000
1483636990,961.260000000000,0.060000000000
1483636990,961.260000000000,0.061000000000
1483636990,961.260000000000,0.058000000000
1483636990,961.260000000000,0.060000000000
1483636991,960.640000000000,0.176000000000
1483636991,961.990000000000,0.140000000000
1483636991,961.260000000000,0.061000000000
1483636993,960.640000000000,2.847000000000
1483637005,959.520000000000,0.059000000000
1483637011,957.350000000000,3.500000000000
1483637032,956.030000000000,0.059000000000
1483637055,957.040000000000,0.070700000000
1483637056,956.200000000000,0.059000000000
1483637065,955.390000000000,0.530000000000
1483637125,955.000000000000,47.186800000000
1483637133,955.000000000000,2.813200000000
1483637184,954.710000000000,0.349000000000
1483637239,955.080000000000,0.061000000000
1483637240,955.080000000000,0.060000000000
1483637240,955.080000000000,0.059000000000
1483637240,955.080000000000,0.059000000000
1483637240,955.080000000000,0.060000000000
1483637240,955.080000000000,0.060000000000
1483637240,955.080000000000,0.057000000000
1483637240,955.080000000000,0.060000000000
1483637241,955.080000000000,0.061000000000
1483637241,955.080000000000,0.058000000000
1483637377,957.820000000000,0.058000000000
1483637378,957.820000000000,0.060000000000
1483637378,957.820000000000,0.060000000000
1483637378,957.820000000000,0.059000000000
1483637379,957.820000000000,0.059000000000
1483637379,957.820000000000,0.060000000000
1483637379,957.820000000000,0.057000000000
1483637380,957.820000000000,0.061000000000
1483637381,957.820000000000,0.060000000000
1483637382,957.820000000000,0.060000000000
1483637408,957.820000000000,0.060000000000
1483637409,957.820000000000,0.059000000000
1483637409,957.820000000000,0.060000000000
1483637409,957.820000000000,0.057000000000
1483637409,957.820000000000,0.060000000000
1483637409,957.820000000000,0.061000000000
1483637409,957.820000000000,0.060000000000
1483637409,957.820000000000,0.058000000000
1483637410,957.820000000000,0.060000000000
1483637410,957.820000000000,0.059000000000
1483637429,958.210000000000,0.410000000000
1483637431,958.200000000000,0.059000000000
1483637431,958.210000000000,4.690000000000
1483637432,958.200000000000,0.057000000000
1483637432,958.200000000000,0.058000000000
1483637432,958.200000000000,0.060000000000
1483637432,958.200000000000,0.059000000000
1483637432,958.200000000000,0.059000000000
1483637432,958.200000000000,0.061000000000
1483637432,958.200000000000,0.060000000000
1483637433,958.200000000000,0.060000000000
1483637488,954.550000000000,0.058000000000
1483637488,954.550000000000,0.060000000000
1483637488,954.550000000000,0.060000000000
1483637489,954.750000000000,0.057000000000
1483637489,954.750000000000,0.059000000000
1483637489,954.750000000000,0.059000000000
1483637490,954.750000000000,0.061000000000
1483637490,954.750000000000,0.059000000000
1483637491,954.750000000000,0.060000000000
1483637641,956.500000000000,0.027900000000
1483637675,957.070000000000,0.061000000000
1483637675,957.070000000000,0.057000000000
1483637675,957.070000000000,0.059000000000
1483637675,957.070000000000,0.057000000000
1483637675,957.070000000000,0.059000000000
1483637675,957.070000000000,0.058000000000
1483637675,957.070000000000,0.059000000000
1483637675,957.070000000000,0.060000000000
1483637676,956.910000000000,0.060000000000
1483637676,956.910000000000,0.060000000000
1483637835,957.550000000000,0.018600000000
1483637947,959.510000000000,0.120000000000
1483638098,964.630000000000,0.120000000000
1483638100,964.850000000000,0.110000000000
1483638159,967.510000000000,0.143500000000
1483638201,968.110000000000,0.600000000000
1483638208,968.480000000000,1.110000000000
1483638235,967.990000000000,0.440000000000
1483638288,968.230000000000,0.055500000000
1483638353,969.820000000000,0.041500000000
1483638418,969.990000000000,0.110000000000
1483638419,970.000000000000,0.120800000000
1483638528,968.500000000000,0.663600000000
1483638533,968.500000000000,1.000000000000
1483638535,968.500000000000,14.936400000000
1483638536,968.500000000000,0.102000000000
1483638536,968.500000000000,0.102000000000
1483638536,968.500000000000,0.102000000000
1483638536,968.500000000000,0.102000000000
1483638536,968.500000000000,0.102000000000
1483638536,968.500000000000,0.102000000000
1483638537,968.500000000000,0.102000000000
1483638537,968.500000000000,0.102000000000
1483638537,968.500000000000,0.102000000000
1483638537,968.500000000000,0.102000000000
1483638543,966.770000000000,5.110000000000
1483638551,964.670000000000,0.036900000000
1483638585,961.590000000000,74.287000000000
1483638586,961.000000000000,53.713000000000
1483638607,962.430000000000,0.102000000000
1483638608,962.430000000000,0.257000000000
1483638608,962.780000000000,0.102000000000
1483638608,962.440000000000,3.114000000000
1483638609,962.610000000000,0.257000000000
1483638610,962.610000000000,0.102000000000
1483638610,962.610000000000,0.257000000000
1483638610,962.610000000000,0.257000000000
1483638610,962.610000000000,0.257000000000
1483638611,962.610000000000,0.102000000000
1483638611,962.610000000000,0.257000000000
1483638611,962.610000000000,0.102000000000
1483638611,962.610000000000,0.257000000000
1483638612,962.530000000000,0.257000000000
1483638613,962.430000000000,0.102000000000
1483638613,962.960000000000,0.102000000000
1483638613,962.430000000000,0.102000000000
1483638613,962.430000000000,0.102000000000
1483638614,962.960000000000,0.102000000000
1483638617,963.200000000000,0.033300000000
1483638627,964.240000000000,0.102000000000
1483638662,963.950000000000,0.102000000000
1483638662,964.460000000000,3.102000000000
1483638963,963.690000000000,0.288300000000
1483639257,964.810000000000,0.100000000000
1483639258,965.070000000000,0.162300000000
1483639322,965.930000000000,0.032400000000
1483639356,965.070000000000,0.000200000000
1483639356,965.070000000000,0.000200000000
1483639356,965.070000000000,0.000200000000
1483639356,965.070000000000,0.000200000000
1483639356,965.070000000000,0.000200000000
1483639356,965.070000000000,0.000200000000
1483639357,965.070000000000,0.000200000000
1483639357,965.070000000000,0.000200000000
1483639357,965.070000000000,0.000200000000
1483639357,965.070000000000,0.000200000000
1483639357,965.070000000000,0.000200000000
1483639644,969.450000000000,0.037000000000
1483639709,969.710000000000,0.016600000000
1483639710,970.000000000000,0.001900000000
1483639714,970.000000000000,0.877300000000
1483639715,970.000000000000,0.137700000000
1483639763,970.100000000000,0.240000000000
1483639904,974.210000000000,0.065200000000
1483639936,974.210000000000,57.969500000000
1483639937,974.440000000000,0.050000000000
1483640012,979.440000000000,0.050000000000
1483640354,985.160000000000,29.800000000000
1483640444,983.030000000000,0.090000000000
1483640444,983.020000000000,4.135000000000
1483640484,982.470000000000,0.072700000000
1483640614,978.460000000000,0.128500000000
1483640679,977.830000000000,0.269300000000
1483640689,977.830000000000,0.251000000000
1483640690,977.830000000000,0.251000000000
1483640690,977.830000000000,0.251000000000
1483640690,977.830000000000,0.251000000000
1483640690,977.830000000000,0.251000000000
1483640690,977.830000000000,0.251000000000
1483640690,977.830000000000,0.251000000000
1483640690,977.830000000000,0.251000000000
1483640691,978.360000000000,0.101000000000
1483640691,978.360000000000,0.101000000000
1483640744,979.760000000000,0.529900000000
1483640808,978.910000000000,0.010900000000
1483640875,979.570000000000,0.093000000000
1483641004,979.230000000000,0.255400000000
1483641070,978.630000000000,0.117700000000
1483641135,978.970000000000,0.319500000000
1483641339,980.590000000000,0.250000000000
1483641340,980.590000000000,0.250000000000
1483641587,981.600000000000,0.013700000000
1483641715,981.720000000000,0.050100000000
1483641781,979.700000000000,0.015500000000
1483641845,979.700000000000,0.011900000000
1483641975,977.430000000000,0.212000000000
1483642016,975.800000000000,0.101000000000
1483642039,975.590000000000,0.011000000000
1483642055,975.590000000000,4.051000000000
1483642056,975.590000000000,0.250000000000
1483642056,975.590000000000,0.250000000000
1483642056,975.590000000000,0.250000000000
1483642056,975.590000000000,0.250000000000
1483642056,975.590000000000,0.101000000000
1483642056,975.590000000000,0.250000000000
1483642057,975.590000000000,0.250000000000
1483642057,975.590000000000,0.250000000000
1483642057,975.590000000000,0.102000000000
1483642057,975.590000000000,0.250000000000
1483642057,975.590000000000,0.101000000000
1483642057,975.590000000000,0.102000000000
1483642102,977.660000000000,0.788000000000
1483642296,977.070000000000,0.183000000000
1483642415,978.600000000000,0.250000000000
1483642415,978.600000000000,0.250000000000
1483642415,978.600000000000,0.250000000000
1483642415,978.600000000000,0.250000000000
1483642416,978.600000000000,0.250000000000
1483642416,978.600000000000,0.250000000000
1483642416,978.600000000000,0.250000000000
1483642416,978.600000000000,0.250000000000
1483642549,981.520000000000,3.059000000000
1483642550,981.520000000000,0.249000000000
1483642550,981.520000000000,0.249000000000
1483642550,981.520000000000,0.249000000000
1483642550,981.520000000000,0.249000000000
1483642550,981.520000000000,0.249000000000
1483642550,981.520000000000,0.249000000000
1483642550,981.520000000000,0.250000000000
1483642551,981.520000000000,0.250000000000
1483642619,982.140000000000,0.072000000000
1483642625,982.140000000000,2.979000000000
1483642626,982.140000000000,0.249000000000
1483642626,982.140000000000,0.249000000000
1483642626,982.140000000000,0.249000000000
1483642817,983.700000000000,0.249000000000
1483642817,983.700000000000,0.249000000000
1483642817,983.700000000000,0.249000000000
1483642817,983.700000000000,0.249000000000
1483642818,983.700000000000,0.250000000000
1483642818,983.700000000000,0.249000000000
1483642818,983.700000000000,0.249000000000
1483642818,983.700000000000,0.249000000000
1483642823,984.500000000000,0.015000000000
1483643136,986.040000000000,0.227100000000
1483643330,981.700000000000,0.109100000000
1483643395,981.700000000000,0.062900000000
1483643429,980.920000000000,3.059000000000
1483643430,980.920000000000,0.250000000000
1483643430,980.920000000000,0.249000000000
1483643430,980.920000000000,0.249000000000
1483643430,980.920000000000,0.101000000000
1483643430,980.920000000000,0.249000000000
1483643430,980.920000000000,0.249000000000
1483643431,980.920000000000,0.101000000000
1483643431,980.920000000000,0.249000000000
1483643431,980.920000000000,0.249000000000
1483643431,980.920000000000,0.249000000000
1483643459,981.850000000000,0.019100000000
1483643524,981.900000000000,0.013700000000
1483643588,981.900000000000,0.082000000000
1483643718,976.910000000000,0.047500000000
1483643763,976.910000000000,0.250000000000
1483643764,976.910000000000,0.250000000000
1483643764,976.910000000000,0.250000000000
1483643764,976.910000000000,0.250000000000
1483643764,976.910000000000,0.250000000000
1483643764,976.910000000000,0.250000000000
1483643764,976.910000000000,0.250000000000
1483643765,976.910000000000,0.250000000000
1483643910,978.150000000000,0.018200000000
1483644037,974.940000000000,0.101000000000
1483644038,974.670000000000,0.283500000000
1483644101,973.030000000000,0.102000000000
1483644101,973.030000000000,0.093000000000
1483644101,973.030000000000,0.102000000000
1483644101,973.030000000000,0.102000000000
1483644103,972.930000000000,0.420600000000
1483644233,971.720000000000,0.137700000000
1483644298,966.880000000000,0.101000000000
1483644311,966.370000000000,0.249000000000
1483644311,966.370000000000,0.249000000000
1483644311,966.370000000000,0.101000000000
1483644311,966.370000000000,0.120000000000
1483644311,966.360000000000,4.833000000000
1483644311,966.370000000000,0.249000000000
1483644311,966.370000000000,0.249000000000
1483644312,966.370000000000,0.249000000000
1483644312,966.370000000000,0.249000000000
1483644312,966.370000000000,0.249000000000
1483644312,966.370000000000,0.249000000000
1483644324,966.420000000000,0.100000000000
1483644325,966.420000000000,0.102000000000
1483644325,966.420000000000,0.102000000000
1483644325,966.420000000000,0.102000000000
1483644325,966.420000000000,0.102000000000
1483644326,965.170000000000,0.102000000000
1483644377,960.620000000000,0.102000000000
1483644377,960.620000000000,0.102000000000
1483644377,960.620000000000,0.102000000000
1483644377,960.620000000000,0.102000000000
1483644390,959.250000000000,0.249000000000
1483644390,959.250000000000,0.249000000000
1483644390,959.240000000000,4.639000000000
1483644390,959.250000000000,0.249000000000
1483644390,959.250000000000,0.102000000000
1483644390,959.250000000000,0.100000000000
1483644391,959.300000000000,0.102000000000
1483644407,959.240000000000,0.102000000000
1483644408,959.240000000000,0.249000000000
1483644408,959.240000000000,0.102000000000
1483644408,959.240000000000,0.102000000000
1483644408,959.240000000000,0.102000000000
1483644408,959.240000000000,0.249000000000
1483644408,959.240000000000,0.249000000000
1483644408,959.240000000000,0.102000000000
1483644409,959.240000000000,0.249000000000
1483644409,959.240000000000,0.102000000000
1483644409,959.240000000000,0.102000000000
1483644409,959.240000000000,0.249000000000
1483644417,959.710000000000,0.101000000000
1483644417,959.710000000000,0.101000000000
1483644417,959.710000000000,0.102000000000
1483644418,959.710000000000,0.102000000000
1483644418,959.710000000000,0.102000000000
1483644418,959.710000000000,0.102000000000
1483644418,959.710000000000,0.101000000000
1483644424,959.190000000000,0.101000000000
1483644424,959.190000000000,0.101000000000
1483644424,959.190000000000,0.101000000000
1483644425,959.190000000000,0.102000000000
1483644427,959.150000000000,0.101000000000
1483644428,959.150000000000,0.001000000000
1483644428,959.150000000000,0.036100000000
1483644429,959.150000000000,0.065900000000
1483644430,959.150000000000,0.102000000000
1483644433,959.450000000000,0.101000000000
1483644491,957.670000000000,0.019500000000
1483644493,957.290000000000,0.101000000000
1483644544,952.770000000000,0.010000000000
1483644555,951.240000000000,0.102000000000
1483644565,951.250000000000,0.249000000000
1483644565,951.500000000000,0.101000000000
1483644565,951.250000000000,0.249000000000
1483644565,951.250000000000,0.249000000000
1483644565,951.250000000000,0.249000000000
1483644565,951.250000000000,0.249000000000
1483644565,951.250000000000,0.250000000000
1483644566,951.840000000000,0.250000000000
1483644568,951.840000000000,0.249000000000
1483644568,951.840000000000,0.103000000000
1483644569,952.180000000000,0.102000000000
1483644603,952.190000000000,6.075000000000
1483644604,952.200000000000,2.500000000000
1483644623,953.420000000000,0.090600000000
1483644628,952.880000000000,0.020000000000
1483644628,952.880000000000,0.249000000000
1483644628,952.880000000000,0.250000000000
1483644628,952.880000000000,0.249000000000
1483644629,953.060000000000,0.249000000000
1483644630,953.060000000000,0.249000000000
1483644630,953.060000000000,0.249000000000
1483644632,953.470000000000,3.000000000000
1483644634,955.140000000000,0.071000000000
1483644636,955.140000000000,0.249000000000
1483644686,956.800000000000,0.004700000000
1483644690,956.390000000000,0.020000000000
1483644725,957.160000000000,3.127000000000
1483644725,957.150000000000,1.873000000000
1483644725,957.170000000000,0.163000000000
1483644726,957.170000000000,0.249000000000
1483644726,957.170000000000,0.249000000000
1483644730,957.590000000000,0.248000000000
1483644730,957.590000000000,0.248000000000
1483644751,957.170000000000,0.210900000000
1483644752,957.170000000000,0.038100000000
1483644752,957.170000000000,0.248000000000
1483644753,957.170000000000,0.248000000000
1483644821,959.340000000000,1.000000000000
1483644879,959.440000000000,0.158100000000
1483644945,960.810000000000,0.023200000000
1483645140,963.080000000000,0.079600000000
1483645206,964.130000000000,0.013000000000
1483645270,963.600000000000,0.083400000000
1483645335,963.070000000000,0.176100000000
1483645336,963.070000000000,0.247000000000
1483645336,963.070000000000,0.071900000000
1483645337,963.070000000000,0.248000000000
1483645337,963.070000000000,0.247000000000
1483645367,963.070000000000,0.169100000000
1483645400,962.980000000000,0.021300000000
1483645413,962.870000000000,1.000000000000
1483645464,963.750000000000,0.185400000000
1483645529,961.740000000000,0.032400000000
1483645638,961.500000000000,0.247000000000
1483645638,961.500000000000,0.069000000000
1483645638,961.500000000000,0.247000000000
1483645638,961.500000000000,0.247000000000
1483645638,961.500000000000,0.247000000000
1483645638,961.500000000000,0.248000000000
1483645641,961.820000000000,0.247000000000
1483645642,961.820000000000,0.248000000000
1483645642,961.820000000000,0.247000000000
1483645790,968.070000000000,0.031400000000
1483645985,967.290000000000,0.022200000000
1483646022,966.310000000000,0.246000000000
1483646023,966.310000000000,0.245000000000
1483646023,966.310000000000,0.246000000000
1483646023,966.310000000000,0.245000000000
1483646023,966.310000000000,0.246000000000
1483646023,966.310000000000,0.246000000000
1483646023,966.310000000000,0.246000000000
1483646049,967.880000000000,0.036900000000
1483646240,964.750000000000,2.610000000000
1483646275,964.750000000000,0.100000000000
1483646299,963.510000000000,3.490000000000
1483646307,964.020000000000,0.120100000000
1483646330,961.830000000000,0.102000000000
1483646331,961.830000000000,0.101000000000
1483646331,961.290000000000,0.447000000000
1483646334,961.290000000000,0.420000000000
1483646335,961.290000000000,2.560000000000
1483646337,961.320000000000,3.230000000000
1483646339,961.510000000000,1.480000000000
1483646341,961.510000000000,1.240000000000
1483646343,961.510000000000,1.070000000000
1483646347,961.340000000000,2.190000000000
1483646353,961.340000000000,0.258000000000
1483646355,961.350000000000,0.186000000000
1483646355,961.340000000000,0.072000000000
1483646357,961.350000000000,0.258000000000
1483646369,960.660000000000,1.380000000000
1483646374,961.140000000000,0.990000000000
1483646374,961.350000000000,0.036100000000
1483646376,961.140000000000,0.230000000000
1483646379,961.330000000000,1.300000000000
1483646381,961.330000000000,1.020000000000
1483646390,961.160000000000,3.080000000000
1483646391,961.330000000000,0.246000000000
1483646391,961.330000000000,0.246000000000
1483646391,961.330000000000,0.100000000000
1483646391,961.330000000000,0.245000000000
1483646391,961.330000000000,0.101000000000
1483646391,961.330000000000,0.246000000000
1483646391,961.330000000000,2.450000000000
1483646392,961.330000000000,0.246000000000
1483646392,961.330000000000,0.246000000000
1483646393,961.210000000000,0.100000000000
1483646395,961.210000000000,0.210000000000
1483646397,961.210000000000,1.000000000000
1483646398,961.210000000000,7.170000000000
1483646401,961.200000000000,8.320000000000
1483646406,961.330000000000,0.102000000000
1483646406,961.330000000000,0.246000000000
1483646406,961.330000000000,0.245000000000
1483646407,961.350000000000,1.877300000000
1483646415,960.910000000000,2.680000000000
1483646421,960.860000000000,0.100000000000
1483646422,960.860000000000,0.088000000000
1483646426,960.860000000000,0.500000000000
1483646430,960.860000000000,1.910000000000
1483646433,960.740000000000,0.200000000000
1483646437,960.740000000000,0.500000000000
1483646439,961.000000000000,0.159400000000
1483646439,960.740000000000,1.000000000000
1483646440,960.740000000000,0.450000000000
1483646504,956.540000000000,0.024100000000
1483646520,954.870000000000,0.150000000000
1483646527,955.830000000000,1.360000000000
1483646554,954.800000000000,0.260000000000
1483646590,953.910000000000,0.100000000000
1483646591,953.910000000000,0.101000000000
1483646591,953.910000000000,0.102000000000
1483646591,953.910000000000,0.102000000000
1483646591,953.910000000000,0.101000000000
1483646591,953.910000000000,0.102000000000
1483646607,952.120000000000,5.450000000000
1483646609,952.120000000000,5.225000000000
1483646609,952.120000000000,0.255000000000
1483646615,952.110000000000,4.060000000000
1483646617,952.040000000000,5.310000000000
1483646620,952.070000000000,1.320000000000
1483646622,952.070000000000,7.330000000000
1483646624,951.960000000000,3.480000000000
1483646632,951.960000000000,0.100000000000
1483646641,951.960000000000,0.001000000000
1483646644,951.730000000000,0.197800000000
1483646670,950.380000000000,0.890000000000
1483646672,950.550000000000,1.020000000000
1483646673,951.730000000000,0.102000000000
1483646673,951.730000000000,0.101000000000
1483646674,951.730000000000,0.101000000000
1483646674,951.730000000000,0.102000000000
1483646674,951.730000000000,0.102000000000
1483646674,951.730000000000,0.100000000000
1483646676,951.740000000000,0.330000000000
1483646680,952.120000000000,1.070000000000
1483646680,952.120000000000,0.390000000000
1483646696,953.590000000000,0.152300000000
1483646742,955.850000000000,1.020000000000
1483646745,955.850000000000,0.102000000000
1483646746,955.850000000000,0.100000000000
1483646746,955.850000000000,0.101000000000
1483646746,955.850000000000,0.101000000000
1483646747,955.850000000000,0.014000000000
1483646747,955.850000000000,0.102000000000
1483646747,955.850000000000,0.100000000000
1483646748,955.850000000000,0.088000000000
1483646749,955.850000000000,0.012000000000
1483646750,955.850000000000,0.040000000000
1483646754,956.600000000000,0.060000000000
1483646757,956.600000000000,0.140000000000
1483646760,956.600000000000,0.100000000000
1483646777,955.780000000000,1.090000000000
1483646784,955.660000000000,2.820000000000
1483646784,955.780000000000,1.170000000000
1483646785,955.800000000000,7.150000000000
1483646788,955.720000000000,2.850000000000
1483646828,956.590000000000,0.026100000000
1483646846,955.950000000000,0.100000000000
1483646849,955.950000000000,0.020000000000
1483646852,956.340000000000,0.350000000000
1483646855,956.340000000000,2.590000000000
1483646863,955.970000000000,1.380000000000
1483646865,955.970000000000,0.100000000000
1483646866,955.970000000000,0.101000000000
1483646868,955.890000000000,0.100000000000
1483646869,955.970000000000,0.101000000000
1483646869,955.970000000000,1.059000000000
1483646869,955.890000000000,0.720000000000
1483646869,956.020000000000,0.102000000000
1483646870,956.020000000000,0.102000000000
1483646874,956.390000000000,1.290000000000
1483646875,956.400000000000,0.101000000000
1483646875,956.400000000000,0.100000000000
1483646875,956.400000000000,0.102000000000
1483646875,956.400000000000,0.100000000000
1483646876,956.400000000000,0.052000000000
1483646877,956.590000000000,5.473900000000
1483646877,956.400000000000,1.140000000000
1483646879,957.240000000000,3.370000000000
1483646881,957.250000000000,1.580000000000
1483646885,957.250000000000,2.950000000000
1483646888,957.250000000000,0.100000000000
1483646888,957.250000000000,0.101000000000
1483646888,957.250000000000,0.099000000000
1483646889,957.250000000000,0.100000000000
1483646889,957.250000000000,0.101000000000
1483646891,956.700000000000,3.010000000000
1483646894,956.550000000000,0.340000000000
1483646896,956.550000000000,0.680000000000
1483646907,955.830000000000,1.680000000000
1483646909,955.640000000000,0.194000000000
1483646909,955.830000000000,1.446000000000
1483646925,956.550000000000,3.880000000000
1483646926,956.550000000000,0.101000000000
1483646926,956.550000000000,0.100000000000
1483646926,956.550000000000,0.100000000000
1483646926,956.550000000000,0.101000000000
1483646926,956.550000000000,0.099000000000
1483646931,956.600000000000,0.690000000000
1483646931,956.580000000000,1.250000000000
1483646932,956.670000000000,2.430000000000
1483646936,957.100000000000,0.219000000000
1483646938,957.200000000000,0.480000000000
1483646941,957.200000000000,1.220000000000
1483646943,957.280000000000,1.380000000000
1483646945,957.290000000000,1.050000000000
1483646948,957.290000000000,0.200000000000
1483646952,957.280000000000,1.250000000000
1483646953,957.290000000000,0.100000000000
1483646956,957.370000000000,0.040000000000
1483646958,957.370000000000,0.100000000000
1483646960,957.720000000000,1.260000000000
1483646962,957.720000000000,0.580000000000
1483646965,957.730000000000,1.300000000000
1483646969,957.730000000000,1.410000000000
1483646970,957.720000000000,0.101000000000
1483646971,957.720000000000,0.102000000000
1483646971,957.720000000000,0.100000000000
1483646971,957.720000000000,0.101000000000
1483646972,957.720000000000,0.099000000000
1483646972,957.720000000000,0.100000000000
1483646972,957.720000000000,0.101000000000
1483646973,957.680000000000,0.545000000000
1483646973,957.720000000000,0.101000000000
1483646976,957.690000000000,0.440000000000
1483646981,957.720000000000,0.260000000000
1483646981,957.680000000000,3.080000000000
1483646982,957.730000000000,0.101000000000
1483646983,957.730000000000,0.102000000000
1483646983,957.730000000000,0.100000000000
1483646983,957.730000000000,0.550000000000
1483646985,957.810000000000,1.250000000000
1483646987,957.810000000000,0.720000000000
1483646989,957.920000000000,0.570000000000
1483646995,957.810000000000,0.102000000000
1483646996,957.810000000000,0.102000000000
1483646996,957.630000000000,1.256000000000
1483646998,957.630000000000,1.260000000000
1483647002,957.610000000000,1.310000000000
1483647004,958.840000000000,0.101000000000
1483647005,958.840000000000,0.100000000000
1483647005,958.840000000000,0.101000000000
1483647005,958.840000000000,0.099000000000
1483647006,959.070000000000,1.508000000000
1483647006,958.840000000000,0.101000000000
1483647008,957.610000000000,1.120000000000
1483647009,957.760000000000,0.440000000000
1483647013,957.760000000000,1.560000000000
1483647017,957.980000000000,2.200000000000
1483647024,957.640000000000,1.310000000000
1483647028,957.810000000000,1.430000000000
1483647030,957.980000000000,0.015000000000
1483647031,957.810000000000,3.230000000000
1483647032,957.980000000000,0.102000000000
1483647032,957.980000000000,0.102000000000
1483647032,957.980000000000,1.645000000000
1483647034,958.250000000000,1.260000000000
1483647036,958.110000000000,1.330000000000
1483647038,958.180000000000,0.101000000000
1483647039,958.110000000000,1.187000000000
1483647039,958.180000000000,0.102000000000
1483647041,958.370000000000,1.500000000000
1483647043,958.610000000000,1.270000000000
1483647046,958.670000000000,1.530000000000
1483647049,958.530000000000,1.070000000000
1483647051,958.530000000000,1.130000000000
1483647054,958.520000000000,0.100000000000
1483647057,958.530000000000,0.100000000000
1483647064,958.530000000000,0.001000000000
1483647064,958.530000000000,0.099000000000
1483647131,959.070000000000,0.101000000000
1483647132,960.080000000000,3.124000000000
1483647132,959.070000000000,0.101000000000
1483647132,959.070000000000,0.099000000000
1483647132,959.070000000000,0.102000000000
1483647144,961.000000000000,0.350600000000
1483647145,961.350000000000,1.282600000000
1483647161,961.510000000000,3.840000000000
1483647213,964.750000000000,0.530000000000
1483647221,965.730000000000,0.013000000000
1483647257,965.920000000000,2.120000000000
1483647261,965.920000000000,2.900000000000
1483647272,965.910000000000,1.760000000000
1483647282,965.150000000000,0.037000000000
1483647287,965.150000000000,2.940000000000
1483647288,965.170000000000,4.300000000000
1483647291,965.170000000000,2.350000000000
1483647295,965.400000000000,2.920000000000
1483647296,965.270000000000,3.880000000000
1483647302,965.270000000000,3.010000000000
1483647306,966.340000000000,5.130000000000
1483647312,966.350000000000,1.860000000000
1483647315,966.370000000000,3.900000000000
1483647315,964.970000000000,0.099000000000
1483647315,964.970000000000,0.100000000000
1483647315,964.970000000000,0.100000000000
1483647315,964.970000000000,0.099000000000
1483647315,964.970000000000,0.100000000000
1483647316,964.970000000000,0.098000000000
1483647316,964.960000000000,0.100000000000
1483647316,964.960000000000,0.101000000000
1483647317,964.960000000000,0.101000000000
1483647317,964.960000000000,0.100000000000
1483647318,965.010000000000,5.300000000000
1483647328,965.010000000000,0.098000000000
1483647328,965.010000000000,0.101000000000
1483647328,965.010000000000,0.100000000000
1483647329,965.010000000000,0.101000000000
1483647329,965.010000000000,0.100000000000
1483647329,965.010000000000,0.099000000000
1483647330,965.010000000000,0.100000000000
1483647331,965.760000000000,6.861000000000
1483647340,965.010000000000,0.100000000000
1483647341,965.430000000000,2.741000000000
1483647341,965.010000000000,0.100000000000
1483647341,965.010000000000,0.099000000000
1483647342,965.380000000000,0.035800000000
1483647347,965.510000000000,2.410000000000
1483647353,965.520000000000,4.040000000000
1483647380,965.480000000000,3.668000000000
1483647381,965.490000000000,0.532000000000
1483647391,965.490000000000,3.350000000000
1483647397,965.690000000000,1.920000000000
1483647400,965.690000000000,3.920000000000
1483647401,965.480000000000,1.930000000000
1483647410,966.040000000000,4.140000000000
1483647411,965.910000000000,3.680000000000
1483647412,966.070000000000,0.233800000000
1483647424,966.070000000000,3.340000000000
1483647425,966.060000000000,3.090000000000
1483647428,966.000000000000,1.700000000000
1483647432,966.000000000000,6.470000000000
1483647439,966.050000000000,5.300000000000
1483647442,966.070000000000,2.010000000000
1483647451,966.090000000000,3.910000000000
1483647452,966.000000000000,2.500000000000
1483647467,965.910000000000,1.740000000000
1483647477,966.010000000000,0.154900000000
1483647480,965.430000000000,2.720000000000
1483647490,965.410000000000,2.000000000000
1483647502,965.210000000000,0.969300000000
1483647503,965.410000000000,5.960000000000
1483647514,965.560000000000,2.380100000000
1483647514,965.440000000000,0.030600000000
1483647514,965.440000000000,0.969300000000
1483647534,965.740000000000,12.480000000000
1483647537,965.810000000000,7.040000000000
1483647543,965.850000000000,0.304400000000
1483647544,965.850000000000,4.180000000000
1483647545,965.640000000000,6.510000000000
1483647548,965.210000000000,0.860700000000
1483647549,965.030000000000,3.310000000000
1483647555,965.350000000000,7.030000000000
1483647608,965.940000000000,0.342100000000
1483647613,965.940000000000,11.530000000000
1483647633,966.010000000000,4.560000000000
1483647639,966.150000000000,3.810000000000
1483647641,966.080000000000,5.340000000000
1483647651,966.120000000000,6.450000000000
1483647675,966.620000000000,5.180000000000
1483647681,966.740000000000,4.550000000000
1483647683,966.660000000000,2.920000000000
1483647690,966.710000000000,3.530000000000
1483647693,966.690000000000,5.200000000000
1483647696,966.670000000000,3.112000000000
1483647697,966.680000000000,1.908000000000
1483647705,966.750000000000,3.830000000000
1483647787,967.560000000000,3.630000000000
1483647789,967.470000000000,3.970000000000
1483647808,967.410000000000,3.930000000000
1483647820,967.510000000000,5.150000000000
1483647823,967.330000000000,1.700000000000
1483647826,967.480000000000,4.830000000000
1483647827,966.980000000000,6.560000000000
1483647844,966.810000000000,2.140000000000
1483647854,966.890000000000,5.540000000000
1483647856,966.750000000000,4.460000000000
1483647860,966.850000000000,6.120000000000
1483647868,966.980000000000,0.064500000000
1483647885,966.980000000000,4.780000000000
1483647889,966.750000000000,4.890000000000
1483647892,966.800000000000,2.400000000000
1483647897,966.790000000000,3.590000000000
1483647969,966.520000000000,1.850000000000
1483647981,966.560000000000,2.410000000000
1483647983,966.630000000000,5.290000000000
1483647991,966.600000000000,3.910000000000
1483647993,966.630000000000,1.890000000000
1483648000,966.580000000000,3.010000000000
1483648006,966.570000000000,4.040000000000
1483648021,966.840000000000,2.910000000000
1483648038,966.940000000000,2.550000000000
1483648051,966.910000000000,2.190000000000
1483648063,967.040000000000,2.960000000000
1483648066,966.970000000000,1.600000000000
1483648078,966.970000000000,3.930000000000
1483648080,966.910000000000,3.830000000000
1483648091,967.310000000000,5.953000000000
1483648092,967.320000000000,0.187000000000
1483648093,967.320000000000,7.640000000000
1483648107,967.320000000000,3.970000000000
1483648111,967.200000000000,4.600000000000
1483648112,967.160000000000,6.380000000000
1483648114,966.970000000000,5.130000000000
1483648116,966.610000000000,8.690000000000
1483648120,966.730000000000,9.650000000000
1483648124,966.740000000000,1.650000000000
1483648127,966.740000000000,0.258800000000
1483648139,966.740000000000,1.460000000000
1483648151,966.770000000000,1.720000000000
1483648154,966.770000000000,3.980000000000
1483648160,966.890000000000,2.160000000000
1483648171,967.540000000000,1.450000000000
1483648176,967.030000000000,1.920000000000
1483648192,967.390000000000,0.107200000000
1483648213,967.520000000000,2.730000000000
1483648219,967.420000000000,4.020000000000
1483648233,966.730000000000,3.950000000000
1483648236,966.810000000000,3.960000000000
1483648257,967.190000000000,0.036900000000
1483648321,967.190000000000,0.009200000000
1483648377,967.300000000000,3.480000000000
1483648386,966.760000000000,2.580000000000
1483648387,966.970000000000,0.097100000000
1483648390,966.970000000000,1.750000000000
1483648395,966.970000000000,2.850000000000
1483648398,967.770000000000,2.390000000000
1483648453,968.050000000000,0.187800000000
1483648479,967.920000000000,5.100000000000
1483648485,967.840000000000,2.170000000000
1483648545,967.740000000000,3.300000000000
1483648566,967.810000000000,3.890000000000
1483648582,967.960000000000,3.090000000000
1483648586,967.860000000000,1.910000000000
1483648606,968.410000000000,4.370000000000
1483648613,968.630000000000,1.470000000000
1483648615,967.960000000000,3.830000000000
1483648616,967.810000000000,5.360000000000
1483648621,968.040000000000,2.690000000000
1483648729,972.100000000000,2.200000000000
1483648762,974.850000000000,0.012900000000
1483648905,978.140000000000,0.027500000000
1483648971,977.950000000000,0.022900000000
1483649037,976.960000000000,0.164900000000
1483649062,976.000000000000,50.000000000000
1483649126,975.470000000000,5.080000000000
1483649144,974.850000000000,3.957100000000
1483649165,974.990000000000,0.045800000000
1483649269,972.130000000000,5.230000000000
1483649277,972.420000000000,0.101000000000
1483649278,972.420000000000,0.242000000000
1483649278,972.420000000000,0.078000000000
1483649280,972.420000000000,0.102000000000
1483649295,973.600000000000,0.121300000000
1483649355,971.560000000000,0.098000000000
1483649355,971.560000000000,0.098000000000
1483649355,971.560000000000,0.099000000000
1483649359,971.400000000000,0.067200000000
1483649424,971.400000000000,0.018400000000
1483649477,971.350000000000,0.006500000000
1483649542,971.060000000000,0.098000000000
1483649543,971.060000000000,0.098000000000
1483649543,971.060000000000,0.102000000000
1483649543,971.060000000000,0.080000000000
1483649543,971.060000000000,0.101000000000
1483649815,970.920000000000,0.159400000000
1483649826,969.460000000000,0.470000000000
1483649828,969.460000000000,3.950000000000
1483649832,969.460000000000,0.098000000000
1483649833,969.460000000000,0.100000000000
1483649833,969.460000000000,0.099000000000
1483649833,969.460000000000,0.098000000000
1483649834,969.460000000000,0.086000000000
1483649834,969.460000000000,0.099000000000
1483649840,969.260000000000,0.430000000000
1483649843,969.260000000000,0.440000000000
1483649845,969.260000000000,0.097000000000
1483649845,969.260000000000,0.500000000000
1483649845,969.260000000000,0.100000000000
1483649846,969.260000000000,3.523000000000
1483649846,969.260000000000,0.100000000000
1483649849,969.100000000000,0.650000000000
1483649854,969.100000000000,0.500000000000
1483649857,969.100000000000,3.860000000000
1483649859,969.130000000000,1.140000000000
1483649861,969.180000000000,0.450000000000
1483649863,969.180000000000,0.170000000000
1483649865,969.180000000000,4.370000000000
1483649866,969.170000000000,0.830000000000
1483649877,967.860000000000,0.930000000000
1483649879,967.860000000000,2.070000000000
1483649882,967.860000000000,2.130000000000
1483649882,967.670000000000,0.013000000000
1483649884,967.860000000000,0.870000000000
1483649888,967.970000000000,1.360000000000
1483649890,967.950000000000,5.000000000000
1483649899,967.740000000000,2.620000000000
1483649903,968.020000000000,0.100000000000
1483649903,968.020000000000,0.098000000000
1483649903,968.020000000000,0.097000000000
1483649903,968.020000000000,0.242000000000
1483649903,968.020000000000,3.000000000000
1483649903,968.020000000000,0.241000000000
1483649903,968.020000000000,0.100000000000
1483649904,968.020000000000,0.242000000000
1483649904,968.020000000000,0.099000000000
1483649904,968.020000000000,0.241000000000
1483649904,968.020000000000,0.100000000000
1483649904,968.020000000000,0.099000000000
1483649904,968.020000000000,0.086000000000
1483649904,968.020000000000,0.242000000000
1483649905,968.020000000000,0.241000000000
1483649905,968.020000000000,0.098000000000
1483649905,968.020000000000,0.242000000000
1483649905,968.020000000000,0.242000000000
1483649959,969.170000000000,4.170000000000
1483649959,969.260000000000,4.160000000000
1483650009,968.280000000000,0.073800000000
1483650021,967.640000000000,5.300000000000
1483650025,967.630000000000,3.770000000000
1483650035,967.500000000000,3.120000000000
1483650042,967.620000000000,1.780000000000
1483650052,967.960000000000,2.120000000000
1483650054,967.950000000000,2.900000000000
1483650069,967.990000000000,1.760000000000
1483650074,967.990000000000,0.070100000000
1483650085,967.990000000000,2.940000000000
1483650090,968.280000000000,2.350000000000
1483650095,968.160000000000,3.880000000000
1483650104,967.990000000000,4.300000000000
1483650105,967.990000000000,2.920000000000
1483650115,967.560000000000,3.080000000000
1483650115,967.500000000000,1.570000000000
1483650129,967.480000000000,3.010000000000
1483650133,967.450000000000,5.130000000000
1483650136,967.360000000000,1.860000000000
1483650140,967.170000000000,0.066400000000
1483650140,967.320000000000,3.900000000000
1483650144,967.170000000000,5.300000000000
1483650151,967.220000000000,7.560000000000
1483650173,970.090000000000,4.040000000000
1483650181,970.200000000000,1.560000000000
1483650205,970.250000000000,0.035900000000
1483650283,969.810000000000,3.500000000000
1483650296,969.760000000000,19.690000000000
1483650334,970.090000000000,0.069200000000
1483650342,969.580000000000,8.670000000000
1483650348,969.770000000000,5.890000000000
1483650351,969.760000000000,10.550000000000
1483650360,969.690000000000,12.180000000000
1483650440,970.280000000000,9.650000000000
1483650458,970.340000000000,2.560000000000
1483650461,970.480000000000,3.830000000000
1483650537,971.410000000000,5.200000000000
1483650542,971.410000000000,4.800000000000
1483650543,971.430000000000,0.220000000000
1483650554,971.300000000000,1.970000000000
1483650589,970.730000000000,6.140000000000
1483650592,970.710000000000,7.640000000000
1483650599,970.830000000000,8.270000000000
1483650602,970.910000000000,10.410000000000
1483650618,970.340000000000,8.610000000000
1483650618,970.340000000000,4.720000000000
1483650618,970.280000000000,4.560000000000
1483650618,970.280000000000,5.240000000000
1483650621,971.040000000000,3.970000000000
1483650624,971.050000000000,4.600000000000
1483650629,969.920000000000,6.380000000000
1483650634,969.850000000000,7.610000000000
1483650642,969.810000000000,9.650000000000
1483650645,969.830000000000,3.950000000000
1483650648,969.920000000000,1.650000000000
1483650651,969.920000000000,3.590000000000
1483650654,969.920000000000,5.210000000000
1483650658,969.920000000000,1.460000000000
1483650661,969.920000000000,3.090000000000
1483650665,970.950000000000,1.870000000000
1483650669,971.020000000000,2.860000000000
1483650681,970.870000000000,1.890000000000
1483650686,970.830000000000,3.320000000000
1483650687,970.710000000000,3.110000000000
1483650694,970.660000000000,4.860000000000
1483650696,970.340000000000,6.430000000000
1483650700,970.590000000000,5.250000000000
1483650702,970.600000000000,4.180000000000
1483650704,970.650000000000,3.890000000000
1483650707,970.640000000000,5.360000000000
1483650724,970.760000000000,0.069200000000
1483650731,970.760000000000,2.690000000000
1483650734,970.400000000000,5.130000000000
1483650742,970.760000000000,7.470000000000
1483650747,970.660000000000,3.110000000000
1483650751,970.590000000000,2.200000000000
1483650752,970.340000000000,6.520000000000
1483650753,970.360000000000,5.230000000000
1483650759,970.380000000000,1.940000000000
1483650789,971.100000000000,0.110700000000
1483650790,971.100000000000,0.009300000000
1483650791,971.150000000000,3.270700000000
1483650796,971.150000000000,2.820000000000
1483650802,971.150000000000,2.800000000000
1483650804,971.150000000000,2.709300000000
1483650805,971.020000000000,3.970000000000
1483650805,971.180000000000,2.410700000000
1483650805,971.010000000000,5.080000000000
1483650810,971.150000000000,1.910000000000
1483650814,970.940000000000,0.102000000000
1483650814,971.160000000000,7.238000000000
1483650824,971.310000000000,0.390000000000
1483650824,971.300000000000,2.700000000000
1483650829,971.180000000000,0.382000000000
1483650845,971.180000000000,6.528000000000
1483650846,971.160000000000,3.950000000000
1483650856,971.300000000000,4.683000000000
1483650857,971.540000000000,0.487000000000
1483650925,970.760000000000,1.430000000000
1483650926,970.760000000000,5.130000000000
1483650936,969.850000000000,5.090000000000
1483650936,969.920000000000,1.910000000000
1483650936,969.640000000000,2.560000000000
1483650936,969.920000000000,3.090000000000
1483650937,969.640000000000,5.120000000000
1483651006,969.760000000000,0.014100000000
1483651144,969.150000000000,1.700000000000
1483651145,968.990000000000,0.510000000000
1483651164,968.900000000000,3.000000000000
1483651172,968.690000000000,3.430000000000
1483651181,968.380000000000,0.100000000000
1483651181,968.380000000000,0.099000000000
1483651181,968.380000000000,0.099000000000
1483651181,968.380000000000,0.098000000000
1483651181,968.380000000000,0.099000000000
1483651181,968.380000000000,0.100000000000
1483651181,968.380000000000,0.099000000000
1483651182,968.380000000000,0.097000000000
1483651182,968.380000000000,0.100000000000
1483651182,968.380000000000,0.098000000000
1483651189,967.800000000000,2.620000000000
1483651193,967.620000000000,0.437000000000
1483651193,967.790000000000,0.013000000000
1483651195,967.620000000000,0.400000000000
1483651198,967.620000000000,5.050000000000
1483651200,967.740000000000,1.420000000000
1483651202,967.740000000000,1.380000000000
1483651206,967.640000000000,2.460000000000
1483651211,967.720000000000,1.440000000000
1483651217,967.660000000000,1.440000000000
1483651219,967.660000000000,1.350000000000
1483651222,967.480000000000,2.380000000000
1483651225,967.480000000000,0.660000000000
1483651226,967.480000000000,1.570000000000
1483651231,967.480000000000,0.840000000000
1483651232,967.310000000000,1.780000000000
1483651234,967.240000000000,2.820000000000
1483651239,967.170000000000,1.490000000000
1483651239,967.170000000000,3.070000000000
1483651241,967.120000000000,0.200000000000
1483651249,967.120000000000,1.220000000000
1483651254,967.120000000000,0.250000000000
1483651254,966.740000000000,3.490000000000
1483651256,966.410000000000,5.040000000000
1483651260,966.500000000000,0.200000000000
1483651263,966.500000000000,1.020000000000
1483651268,966.500000000000,0.380000000000
1483651271,966.760000000000,0.960000000000
1483651274,966.910000000000,5.100000000000
1483651310,966.900000000000,0.169200000000
1483651319,966.900000000000,0.770000000000
1483651322,966.900000000000,0.160800000000
1483651323,966.900000000000,0.099000000000
1483651323,966.900000000000,0.100000000000
1483651323,966.900000000000,0.097000000000
1483651324,966.900000000000,0.100000000000
1483651324,966.900000000000,0.098000000000
1483651324,966.900000000000,0.099000000000
1483651325,966.900000000000,0.100000000000
1483651325,966.900000000000,0.099000000000
1483651325,966.900000000000,0.098000000000
1483651326,966.910000000000,2.300200000000
1483651326,966.900000000000,0.099000000000
1483651329,966.910000000000,0.780000000000
1483651330,966.910000000000,0.689800000000
1483651340,967.410000000000,3.980000000000
1483651354,968.000000000000,0.370000000000
1483651357,968.000000000000,1.790000000000
1483651359,968.000000000000,1.170000000000
1483651362,968.210000000000,3.550000000000
1483651367,968.210000000000,1.020000000000
1483651370,968.210000000000,0.430000000000
1483651371,968.380000000000,1.300000000000
1483651375,968.690000000000,0.068500000000
1483651376,968.820000000000,0.098500000000
1483651376,968.690000000000,1.091500000000
1483651384,968.820000000000,1.190000000000
1483651386,968.650000000000,1.020000000000
1483651388,968.650000000000,0.790000000000
1483651392,968.650000000000,0.200000000000
1483651397,968.740000000000,3.770000000000
1483651409,968.740000000000,1.780000000000
1483651415,968.560000000000,3.080000000000
1483651484,969.300000000000,0.110000000000
1483651484,969.450000000000,1.750000000000
1483651574,969.880000000000,1.920000000000
1483651577,969.870000000000,0.340000000000
1483651578,969.880000000000,3.580000000000
1483651589,969.930000000000,1.000000000000
1483651590,969.940000000000,2.680000000000
1483651594,969.980000000000,0.440000000000
1483651600,969.980000000000,1.370000000000
1483651601,969.940000000000,1.740000000000
1483651603,969.820000000000,3.340000000000
1483651607,969.750000000000,4.140000000000
1483651608,969.750000000000,1.520000000000
1483651611,969.590000000000,1.700000000000
1483651613,969.520000000000,6.470000000000
1483651614,969.460000000000,1.050000000000
1483651615,969.450000000000,3.570000000000
1483651618,969.500000000000,1.430000000000
1483651636,969.840000000000,0.061900000000
1483651647,969.840000000000,6.440000000000
1483651648,970.000000000000,17.192500000000
1483651652,969.680000000000,19.690000000000
1483651653,969.460000000000,0.760000000000
1483651661,969.490000000000,0.460000000000
1483651663,969.490000000000,1.090000000000
1483651673,969.720000000000,0.470000000000
1483651679,969.570000000000,5.220000000000
1483651682,969.750000000000,5.960000000000
1483651685,969.770000000000,0.480000000000
1483651690,970.000000000000,8.670000000000
1483651699,970.000000000000,10.550000000000
1483651700,970.000000000000,0.027700000000
1483651712,970.000000000000,8.620200000000
1483651712,970.000000000000,3.559800000000
1483651715,970.000000000000,6.574300000000
1483651756,970.000000000000,2.057100000000
1483651757,970.000000000000,2.748400000000
1483651757,970.000000000000,2.371600000000
1483651760,970.000000000000,6.360000000000
1483651767,969.980000000000,0.390000000000
1483651770,969.980000000000,6.500000000000
1483651773,970.000000000000,0.224800000000
1483651773,970.000000000000,8.540000000000
1483651796,970.060000000000,2.560000000000
1483651804,970.340000000000,8.470000000000
1483651830,971.000000000000,0.372200000000
1483651895,970.860000000000,0.147800000000
1483651960,970.990000000000,0.011100000000
1483652002,970.990000000000,1.460000000000
1483652005,970.990000000000,3.090000000000
1483652009,970.990000000000,1.870000000000
1483652010,970.990000000000,2.860000000000
1483652013,970.990000000000,0.280000000000
1483652016,970.990000000000,3.110000000000
1483652020,971.000000000000,3.320000000000
1483652025,971.000000000000,0.018500000000
1483652025,971.000000000000,0.780000000000
1483652028,971.000000000000,4.860000000000
1483652031,971.000000000000,6.430000000000
1483652033,971.000000000000,5.250000000000
1483652035,971.000000000000,4.180000000000
1483652039,971.000000000000,3.890000000000
1483652042,971.000000000000,5.360000000000
1483652045,971.000000000000,5.090000000000
1483652048,971.000000000000,3.990000000000
1483652048,971.000000000000,1.010000000000
1483652050,971.000000000000,3.090000000000
1483652052,971.000000000000,1.910000000000
1483652056,971.000000000000,2.690000000000
1483652058,971.000000000000,5.130000000000
1483652061,971.000000000000,6.520000000000
1483652065,971.000000000000,7.470000000000
1483652068,971.000000000000,3.890000000000
1483652071,971.000000000000,3.110000000000
1483652083,971.000000000000,1.360000000000
1483652085,971.000000000000,1.940000000000
1483652088,971.000000000000,1.120000000000
1483652090,971.000000000000,1.430000000000
1483652092,971.000000000000,1.380000000000
1483652095,971.000000000000,1.290000000000
1483652097,971.000000000000,1.040000000000
1483652100,971.000000000000,5.130000000000
1483652105,971.000000000000,0.880000000000
1483652110,971.000000000000,2.950000000000
1483652112,971.000000000000,3.119300000000
1483652113,971.000000000000,0.850700000000
1483652116,971.000000000000,5.080000000000
1483652118,971.000000000000,3.280000000000
1483652121,971.000000000000,3.900000000000
1483652124,971.000000000000,2.820000000000
1483652126,971.000000000000,0.010000000000
1483652130,971.000000000000,2.800000000000
1483652132,971.000000000000,85.931400000000
1483652133,970.990000000000,0.001400000000
1483652134,971.000000000000,5.120000000000
1483652137,971.000000000000,2.080000000000
1483652140,971.000000000000,1.910000000000
1483652143,971.000000000000,7.340000000000
1483652147,971.000000000000,0.750000000000
1483652150,971.000000000000,6.127900000000
1483652162,971.790000000000,6.910000000000
1483652221,971.490000000000,1.500000000000
1483652249,970.990000000000,1.888600000000
1483652250,970.990000000000,1.680000000000
1483652286,971.320000000000,0.157700000000
1483652291,970.380000000000,0.013000000000
1483652346,970.380000000000,11.517000000000
1483652348,970.000000000000,0.400000000000
1483652349,970.000000000000,4.550000000000
1483652349,970.000000000000,5.180000000000
1483652349,970.000000000000,1.970000000000
1483652349,970.000000000000,6.300000000000
1483652349,970.000000000000,6.410000000000
1483652349,970.000000000000,5.020000000000
1483652349,969.980000000000,5.200000000000
1483652350,969.820000000000,4.994700000000
1483652350,969.820000000000,1.515300000000
1483652351,969.770000000000,7.470000000000
1483652351,969.770000000000,6.260000000000
1483652351,969.750000000000,5.240000000000
1483652351,969.780000000000,9.650000000000
1483652381,969.680000000000,3.960000000000
1483652382,969.590000000000,4.290000000000
1483652382,969.500000000000,0.430000000000
1483652382,969.590000000000,8.680000000000
1483652382,969.570000000000,3.940000000000
1483652386,969.330000000000,0.099000000000
1483652387,969.330000000000,0.099000000000
1483652417,969.320000000000,0.253800000000
1483652433,968.990000000000,4.040000000000
1483652434,968.990000000000,3.910000000000
1483652434,968.820000000000,1.280000000000
1483652436,968.740000000000,0.860000000000
1483652437,968.740000000000,3.010000000000
1483652437,968.210000000000,1.210000000000
1483652437,968.380000000000,1.360000000000
1483652437,968.210000000000,0.400000000000
1483652437,968.210000000000,1.040000000000
1483652437,968.560000000000,5.300000000000
1483652438,968.000000000000,2.900000000000
1483652438,968.210000000000,10.281000000000
1483652440,967.560000000000,4.100000000000
1483652441,967.560000000000,1.570000000000
1483652441,966.910000000000,3.530000000000
1483652441,966.900000000000,0.220000000000
1483652441,966.910000000000,1.930200000000
1483652441,966.900000000000,1.020000000000
1483652441,967.560000000000,3.120000000000
1483652441,966.900000000000,1.140000000000
1483652456,965.840000000000,0.099000000000
1483652481,966.190000000000,0.099000000000
1483652482,967.530000000000,0.085700000000
1483652489,966.620000000000,1.182000000000
1483652501,967.690000000000,0.100000000000
1483652507,968.480000000000,0.272300000000
1483652516,967.710000000000,50.000000000000
1483652547,967.540000000000,0.032400000000
1483652589,966.840000000000,0.103000000000
1483652590,967.340000000000,0.645600000000
1483652682,965.340000000000,1.930000000000
1483652686,965.240000000000,0.099000000000
1483652711,964.600000000000,0.489400000000
1483652714,964.600000000000,0.210600000000
1483652714,964.600000000000,3.750000000000
1483652717,964.650000000000,0.241000000000
1483652717,964.650000000000,0.242000000000
1483652728,964.830000000000,0.200000000000
1483652729,964.830000000000,0.175600000000
1483652738,964.830000000000,0.064400000000
1483652739,964.830000000000,0.241000000000
1483652739,964.830000000000,0.242000000000
1483652739,964.830000000000,0.241000000000
1483652739,964.830000000000,0.241000000000
1483652739,964.830000000000,0.241000000000
1483652739,964.830000000000,0.099000000000
1483652756,965.000000000000,1.134600000000
1483652802,965.000000000000,0.046300000000
1483652822,965.000000000000,0.220000000000
1483652826,965.240000000000,1.209900000000
1483652826,965.000000000000,2.770100000000
1483652828,965.240000000000,1.020000000000
1483652831,965.240000000000,4.100000000000
1483652834,965.240000000000,0.170100000000
1483652835,965.240000000000,2.099900000000
1483652838,965.240000000000,3.530000000000
1483652841,965.240000000000,0.370000000000
1483652845,965.240000000000,1.790000000000
1483652858,965.240000000000,0.000100000000
1483652859,965.630000000000,1.019900000000
1483652861,965.630000000000,1.730000000000
1483652866,965.630000000000,0.470100000000
1483652867,965.630000000000,0.610000000000
1483652867,966.450000000000,0.109900000000
1483652898,966.820000000000,3.120000000000
1483652937,967.340000000000,0.740000000000
1483652940,967.340000000000,1.280000000000
1483652943,967.340000000000,0.334400000000
1483652947,967.710000000000,0.500000000000
1483652949,968.150000000000,0.017500000000
1483652985,968.960000000000,7.560000000000
1483652993,968.960000000000,0.880000000000
1483652995,968.960000000000,0.155100000000
1483652998,969.060000000000,3.040000000000
1483652999,968.960000000000,0.924900000000
1483653004,969.320000000000,0.590000000000
1483653054,969.320000000000,0.410000000000
1483653055,970.330000000000,0.120000000000
1483653055,970.600000000000,3.670000000000
1483653061,969.690000000000,0.345000000000
1483653069,970.330000000000,0.100000000000
1483653073,970.330000000000,0.017000000000
1483653074,971.000000000000,3.920000000000
1483653075,970.340000000000,0.100000000000
1483653075,970.330000000000,0.283000000000
1483653077,971.000000000000,3.570000000000
1483653128,971.000000000000,0.383000000000
1483653191,971.460000000000,0.037000000000
1483653193,971.460000000000,5.220000000000
1483653205,971.370000000000,8.670000000000
1483653241,971.500000000000,4.180000000000
1483653244,971.500000000000,6.510000000000
1483653247,971.500000000000,3.310000000000
1483653249,971.500000000000,4.290000000000
1483653252,971.500000000000,8.680000000000
1483653254,971.500000000000,7.030000000000
1483653255,971.500000000000,0.184700000000
1483653257,971.500000000000,0.430000000000
1483653259,971.500000000000,2.560000000000
1483653264,971.500000000000,5.120000000000
1483653266,971.500000000000,6.360000000000
1483653268,971.500000000000,0.960000000000
1483653271,971.500000000000,0.390000000000
1483653273,971.500000000000,6.500000000000
1483653276,971.500000000000,8.540000000000
1483653278,971.500000000000,9.650000000000
1483653281,971.500000000000,11.890000000000
1483653287,971.500000000000,0.460000000000
1483653291,971.500000000000,0.102000000000
1483653291,971.500000000000,6.045300000000
1483653291,971.680000000000,3.502700000000
1483653298,972.130000000000,3.830000000000
1483653302,971.990000000000,8.470000000000
1483653305,972.090000000000,11.530000000000
1483653308,972.190000000000,0.420000000000
1483653326,972.110000000000,6.260000000000
1483653329,971.920000000000,4.560000000000
1483653331,972.140000000000,0.400000000000
1483653334,972.140000000000,3.810000000000
1483653338,971.980000000000,6.300000000000
1483653339,971.850000000000,2.560000000000
1483653340,971.460000000000,7.610000000000
1483653343,971.850000000000,0.097000000000
1483653343,971.680000000000,4.550000000000
1483653344,971.600000000000,0.098000000000
1483653344,971.850000000000,0.099000000000
1483653344,971.600000000000,0.099000000000
1483653347,971.600000000000,6.450000000000
1483653349,971.740000000000,8.610000000000
1483653352,971.600000000000,0.097000000000
1483653353,971.600000000000,0.099000000000
1483653353,971.600000000000,0.099000000000
1483653353,971.600000000000,0.098000000000
1483653354,971.710000000000,4.327000000000
1483653362,971.840000000000,0.410000000000
1483653383,972.700000000000,3.530000000000
1483653386,972.740000000000,0.131200000000
1483653388,972.740000000000,1.270000000000
1483653391,972.740000000000,5.020000000000
1483653414,972.740000000000,0.382000000000
1483653486,974.410000000000,0.095900000000
1483653551,974.410000000000,0.107100000000
1483653552,974.410000000000,0.239000000000
1483653552,974.410000000000,0.239000000000
1483653552,974.410000000000,0.239000000000
1483653553,974.410000000000,0.058900000000
1483653553,974.410000000000,0.239000000000
1483653553,974.410000000000,0.238000000000
1483653580,974.410000000000,0.024900000000
1483653594,974.410000000000,0.010000000000
1483653600,974.400000000000,0.040000000000
1483653601,974.410000000000,0.239000000000
1483653601,974.410000000000,0.103000000000
1483653601,974.410000000000,0.146200000000
1483653846,975.610000000000,1.000000000000
1483653873,975.590000000000,2.940000000000
1483653874,975.600000000000,0.239000000000
1483653874,975.600000000000,0.236000000000
1483653874,975.600000000000,0.103000000000
1483653874,975.600000000000,0.238000000000
1483653874,975.600000000000,0.239000000000
1483653874,975.600000000000,0.238000000000
1483653874,975.600000000000,0.240000000000
1483653875,975.600000000000,0.238000000000
1483653875,975.600000000000,0.239000000000
1483653875,975.620000000000,2.940000000000
1483653906,977.110000000000,1.000000000000
1483653965,976.620000000000,1.000000000000
1483654025,976.540000000000,1.000000000000
1483654084,976.500000000000,0.048000000000
1483654121,976.240000000000,0.500000000000
1483654156,975.440000000000,0.041000000000
1483654429,975.570000000000,0.064400000000
1483654464,975.570000000000,0.239000000000
1483654464,975.570000000000,0.174600000000
1483654464,975.570000000000,0.239000000000
1483654465,975.570000000000,0.239000000000
1483654465,975.570000000000,0.239000000000
1483654465,975.570000000000,0.240000000000
1483654465,975.570000000000,0.238000000000
1483654466,975.570000000000,0.239000000000
1483654466,976.480000000000,1.532400000000
1483654468,976.480000000000,5.890000000000
1483654491,977.050000000000,0.330000000000
1483654501,977.650000000000,6.510000000000
1483654603,979.970000000000,1.620000000000
1483654683,984.000000000000,50.000000000000
1483654788,987.440000000000,0.020000000000
1483654795,987.440000000000,0.180000000000
1483654830,985.670000000000,0.236000000000
1483654830,985.670000000000,0.237000000000
1483654831,985.790000000000,4.200000000000
1483654831,985.670000000000,0.213000000000
1483654831,985.670000000000,0.236000000000
1483654858,989.000000000000,0.143000000000
1483654927,989.410000000000,0.100000000000
1483654931,989.410000000000,0.100000000000
1483654934,989.410000000000,0.030000000000
1483654937,989.410000000000,0.100000000000
1483654940,989.420000000000,0.040000000000
1483654942,989.420000000000,0.010000000000
1483654945,989.420000000000,0.100000000000
1483654949,989.450000000000,0.100000000000
1483654953,989.420000000000,0.020000000000
1483654955,989.420000000000,0.050000000000
1483654958,989.420000000000,0.030000000000
1483654962,989.420000000000,0.050000000000
1483654964,989.420000000000,0.040000000000
1483654967,989.420000000000,0.050000000000
1483654970,989.420000000000,0.010000000000
1483654973,989.420000000000,0.270000000000
1483654975,989.420000000000,0.030000000000
1483654977,989.420000000000,0.050000000000
1483654980,989.420000000000,0.020000000000
1483654983,989.420000000000,0.130000000000
1483654986,988.660000000000,1.670000000000
1483654990,988.930000000000,3.140000000000
1483654994,988.920000000000,0.200000000000
1483654997,988.890000000000,0.510000000000
1483655000,988.890000000000,0.010000000000
1483655003,989.250000000000,0.100000000000
1483655005,989.250000000000,0.100000000000
1483655008,989.250000000000,0.300000000000
1483655023,989.420000000000,0.087000000000
1483655023,989.420000000000,0.100000000000
1483655023,989.420000000000,0.080000000000
1483655103,989.420000000000,0.235000000000
1483655103,989.420000000000,0.236000000000
1483655103,989.460000000000,0.235000000000
1483655104,989.460000000000,0.236000000000
1483655105,989.460000000000,0.236000000000
1483655105,989.460000000000,0.236000000000
1483655105,989.460000000000,0.236000000000
1483655105,989.460000000000,0.235000000000
1483655165,989.420000000000,36.000000000000
1483655166,989.680000000000,2.300000000000
1483655172,989.940000000000,0.050000000000
1483655295,989.590000000000,0.010100000000
1483655437,989.590000000000,0.030000000000
1483655446,989.650000000000,0.050000000000
1483655451,989.650000000000,0.010000000000
1483655455,989.590000000000,0.100000000000
1483655462,989.310000000000,0.030000000000
1483655466,989.310000000000,0.100000000000
1483655479,989.040000000000,0.020000000000
1483655481,989.040000000000,0.050000000000
1483655483,989.580000000000,0.235000000000
1483655483,989.580000000000,0.100000000000
1483655484,989.590000000000,0.100000000000
1483655484,989.590000000000,0.010000000000
1483655484,989.590000000000,0.100000000000
1483655484,989.590000000000,0.010000000000
1483655484,989.590000000000,0.040000000000
1483655484,989.590000000000,0.100000000000
1483655485,989.790000000000,0.030000000000
1483655490,989.080000000000,0.040000000000
1483655493,989.310000000000,0.050000000000
1483655499,989.310000000000,0.270000000000
1483655501,989.310000000000,0.030000000000
1483655503,989.310000000000,0.050000000000
1483655507,989.310000000000,0.020000000000
1483655511,989.310000000000,0.080000000000
1483655514,989.310000000000,1.670000000000
1483655517,989.590000000000,0.010000000000
1483655518,989.820000000000,0.050000000000
1483655518,989.930000000000,3.140000000000
1483655518,989.650000000000,0.050000000000
1483655520,989.870000000000,0.200000000000
1483655524,989.870000000000,0.510000000000
1483655529,989.130000000000,0.100000000000
1483655531,989.800000000000,0.100000000000
1483655533,990.000000000000,13.264300000000
1483655533,989.870000000000,0.010000000000
1483655533,990.000000000000,86.936100000000
1483655534,990.090000000000,0.300000000000
1483655536,989.970000000000,0.320000000000
1483655541,989.970000000000,3.250000000000
1483655545,990.450000000000,0.740000000000
1483655547,990.450000000000,0.260000000000
1483655550,990.470000000000,1.000000000000
1483655556,990.470000000000,0.230000000000
1483655558,991.500000000000,0.770000000000
1483655561,991.500000000000,1.000000000000
1483655567,991.510000000000,0.370000000000
1483655571,991.510000000000,0.840000000000
1483655572,991.510000000000,2.240000000000
1483655575,991.510000000000,0.096000000000
1483655576,991.510000000000,0.097000000000
1483655576,991.510000000000,0.094000000000
1483655576,991.510000000000,0.096000000000
1483655576,991.510000000000,0.097000000000
1483655577,991.510000000000,0.096000000000
1483655577,991.510000000000,0.097000000000
1483655577,991.510000000000,0.096000000000
1483655578,991.510000000000,0.096000000000
1483655578,991.450000000000,0.760000000000
1483655578,991.510000000000,0.095000000000
1483655580,991.450000000000,4.930000000000
1483655581,991.620000000000,0.550000000000
1483655588,991.380000000000,0.380000000000
1483655591,991.380000000000,1.310000000000
1483655592,991.450000000000,1.430000000000
1483655593,991.450000000000,0.096000000000
1483655593,991.450000000000,0.097000000000
1483655593,991.450000000000,0.096000000000
1483655593,991.450000000000,0.096000000000
1483655593,991.450000000000,0.097000000000
1483655594,991.450000000000,0.096000000000
1483655594,991.450000000000,0.097000000000
1483655594,991.450000000000,0.095000000000
1483655594,991.450000000000,0.094000000000
1483655594,991.450000000000,0.096000000000
1483655596,993.110000000000,0.310000000000
1483655602,992.290000000000,0.410000000000
1483655605,993.110000000000,0.095000000000
1483655605,993.110000000000,0.096000000000
1483655606,993.110000000000,0.096000000000
1483655606,993.110000000000,0.096000000000
1483655609,992.940000000000,0.340000000000
1483655611,992.940000000000,1.180000000000
1483655614,992.940000000000,1.050000000000
1483655617,992.970000000000,0.600000000000
1483655620,992.970000000000,1.780000000000
1483655622,992.930000000000,0.630000000000
1483655624,992.930000000000,0.035700000000
1483655628,992.930000000000,0.720000000000
1483655630,993.040000000000,1.000000000000
1483655636,993.040000000000,0.030000000000
1483655638,993.040000000000,0.240000000000
1483655639,993.110000000000,0.096000000000
1483655639,993.110000000000,0.095000000000
1483655639,993.110000000000,0.257000000000
1483655639,993.110000000000,0.290000000000
1483655639,993.110000000000,0.096000000000
1483655639,993.110000000000,0.096000000000
1483655641,993.860000000000,1.000000000000
1483655645,993.930000000000,0.210000000000
1483655649,993.420000000000,0.800000000000
1483655651,993.420000000000,1.000000000000
1483655657,993.440000000000,1.000000000000
1483655676,993.150000000000,0.200000000000
1483655677,993.430000000000,0.083000000000
1483655677,993.430000000000,0.270000000000
1483655678,993.440000000000,0.800000000000
1483655678,993.440000000000,0.730000000000
1483655678,993.600000000000,0.080000000000
1483655678,993.430000000000,0.196000000000
1483655678,993.430000000000,0.081000000000
1483655678,993.430000000000,0.085000000000
1483655680,993.400000000000,0.460000000000
1483655683,993.400000000000,0.110000000000
1483655683,993.430000000000,0.080000000000
1483655683,993.720000000000,1.000000000000
1483655683,993.930000000000,0.060000000000
1483655684,994.440000000000,0.025000000000
1483655694,994.640000000000,23.820000000000
1483655708,994.040000000000,1.000000000000
1483655709,993.610000000000,0.120000000000
1483655712,993.610000000000,0.100000000000
1483655715,993.610000000000,0.490000000000
1483655718,993.610000000000,0.010000000000
1483655720,993.870000000000,1.190000000000
1483655726,993.520000000000,0.100000000000
1483655729,993.520000000000,0.100000000000
1483655732,993.520000000000,0.100000000000
1483655735,993.520000000000,0.100000000000
1483655739,993.520000000000,0.340000000000
1483655742,993.520000000000,1.880000000000
1483655744,993.450000000000,0.060000000000
1483655746,993.450000000000,1.200000000000
1483655749,993.550000000000,0.230000000000
1483655751,993.550000000000,0.100000000000
1483655756,993.550000000000,0.400000000000
1483655757,993.550000000000,2.220000000000
1483655761,993.570000000000,1.590000000000
1483655763,993.600000000000,1.000000000000
1483655767,993.600000000000,1.440000000000
1483655776,993.590000000000,1.920000000000
1483655776,993.600000000000,2.390000000000
1483655776,993.600000000000,0.960000000000
1483655778,993.680000000000,1.920000000000
1483655780,993.700000000000,1.220000000000
1483655783,993.760000000000,2.220000000000
1483655796,992.500000000000,0.004000000000
1483655796,992.500000000000,0.096000000000
1483655800,992.500000000000,0.090000000000
1483655800,992.500000000000,0.010000000000
1483655806,991.430000000000,3.810000000000
1483655811,991.430000000000,2.480000000000
1483655811,992.440000000000,2.610000000000
1483655813,992.350000000000,1.000000000000
1483655815,992.350000000000,0.710000000000
1483655816,992.500000000000,0.235000000000
1483655816,992.500000000000,0.390000000000
1483655817,992.500000000000,0.234000000000
1483655817,992.500000000000,0.235000000000
1483655817,992.500000000000,0.234000000000
1483655817,992.500000000000,0.235000000000
1483655817,992.500000000000,0.234000000000
1483655817,992.500000000000,0.081000000000
1483655817,992.500000000000,0.085000000000
1483655818,992.500000000000,0.235000000000
1483655818,992.500000000000,0.094000000000
1483655818,992.500000000000,0.096000000000
1483655818,992.500000000000,0.080000000000
1483655818,992.500000000000,0.080000000000
1483655818,992.500000000000,0.234000000000
1483655826,991.050000000000,1.240000000000
1483655834,991.050000000000,1.110000000000
1483655838,991.050000000000,0.876700000000
1483655838,991.050000000000,1.953300000000
1483655842,991.140000000000,1.130000000000
1483655843,991.950000000000,0.201000000000
1483655843,991.950000000000,25.750000000000
1483655843,991.950000000000,1.150000000000
1483655845,991.790000000000,0.040000000000
1483655851,991.790000000000,0.100000000000
1483655856,991.790000000000,0.100000000000
1483655856,991.790000000000,0.143000000000
1483655879,991.950000000000,12.680700000000
1483655880,992.190000000000,0.060000000000
1483655880,991.950000000000,0.101000000000
1483655926,992.540000000000,1.370000000000
1483655927,992.540000000000,0.100000000000
1483655973,993.420000000000,3.000000000000
1483655989,993.740000000000,2.000000000000
1483655990,993.870000000000,0.810000000000
1483655990,993.760000000000,1.550000000000
1483655992,994.550000000000,0.840000000000
1483656119,998.780000000000,0.036900000000
1483656125,998.780000000000,79.051600000000
1483656125,999.200000000000,0.709700000000
1483656140,998.510000000000,1.000000000000
1483656141,996.660000000000,7.836200000000
1483656141,998.470000000000,76.587800000000
1483656172,998.730000000000,0.820000000000
1483656173,998.740000000000,0.209000000000
1483656180,1000.050000000000,0.180400000000
1483656196,1000.050000000000,0.120000000000
1483656197,1000.050000000000,0.014400000000
1483656219,999.850000000000,0.053400000000
1483656225,1000.040000000000,0.260000000000
1483656225,1000.240000000000,0.112400000000
1483656225,1000.050000000000,0.184600000000
1483656233,999.160000000000,4.700000000000
1483656238,998.950000000000,1.500000000000
1483656240,1000.400000000000,0.587100000000
1483656250,999.170000000000,24.278500000000
1483656251,999.170000000000,0.095000000000
1483656251,999.170000000000,0.096000000000
1483656251,999.170000000000,0.095000000000
1483656251,999.170000000000,0.095000000000
1483656252,999.170000000000,0.093000000000
1483656252,999.170000000000,0.095000000000
1483656252,999.170000000000,0.096000000000
1483656253,999.170000000000,0.095000000000
1483656254,999.170000000000,0.084000000000
1483656254,999.170000000000,0.096000000000
1483656258,998.980000000000,15.800000000000
1483656260,999.110000000000,14.100000000000
1483656262,999.150000000000,6.200000000000
1483656289,999.170000000000,14.930000000000
1483656290,999.170000000000,0.095000000000
1483656290,999.170000000000,0.095000000000
1483656290,999.170000000000,0.096000000000
1483656290,999.170000000000,0.093000000000
1483656290,999.170000000000,0.095000000000
1483656290,999.170000000000,0.096000000000
1483656290,999.170000000000,0.095000000000
1483656291,999.170000000000,0.400000000000
1483656291,999.170000000000,1.400000000000
1483656291,999.170000000000,0.094000000000
1483656291,999.170000000000,2.700000000000
1483656291,999.170000000000,0.096000000000
1483656291,999.170000000000,0.095000000000
1483656308,998.960000000000,3.004000000000
1483656308,999.480000000000,1.880000000000
1483656308,999.150000000000,0.920000000000
1483656309,998.940000000000,0.986000000000
1483656311,999.150000000000,3.920000000000
1483656322,999.480000000000,2.320000000000
1483656323,999.570000000000,3.980000000000
1483656330,1000.130000000000,1.200000000000
1483656342,1001.440000000000,0.037000000000
1483656343,1001.720000000000,1.034500000000
1483656343,1001.710000000000,0.060000000000
1483656356,1001.670000000000,4.000000000000
1483656363,1005.000000000000,0.210200000000
1483656369,1001.810000000000,2.910000000000
1483656371,1001.950000000000,1.340000000000
1483656376,1001.840000000000,13.770000000000
1483656378,1001.980000000000,1.240000000000
1483656382,1002.930000000000,1.320000000000
1483656392,1003.260000000000,1.260000000000
1483656396,1003.260000000000,0.094000000000
1483656397,1003.260000000000,0.096000000000
1483656397,1003.260000000000,0.094000000000
1483656397,1003.260000000000,0.095000000000
1483656398,1003.260000000000,0.094000000000
1483656398,1003.260000000000,0.095000000000
1483656398,1003.260000000000,0.094000000000
1483656399,1003.260000000000,0.093000000000
1483656399,1003.260000000000,0.095000000000
1483656399,1003.260000000000,0.093000000000
1483656411,1003.210000000000,4.900000000000
1483656412,1003.260000000000,2.927000000000
1483656412,1003.260000000000,0.094000000000
1483656412,1003.260000000000,0.094000000000
1483656412,1003.260000000000,0.094000000000
1483656412,1003.260000000000,0.095000000000
1483656412,1003.260000000000,0.096000000000
1483656412,1003.260000000000,0.095000000000
1483656413,1003.260000000000,0.095000000000
1483656413,1003.260000000000,0.093000000000
1483656413,1003.260000000000,0.093000000000
1483656413,1003.260000000000,0.094000000000
1483656415,1003.160000000000,7.170000000000
1483656417,1003.300000000000,8.670000000000
1483656422,1003.040000000000,16.900000000000
1483656425,1002.800000000000,1.360000000000
1483656425,1003.300000000000,0.206000000000
1483656432,1003.300000000000,1.094000000000
1483656433,1003.390000000000,13.906000000000
1483656456,1002.880000000000,3.440000000000
1483656460,1002.570000000000,3.910000000000
1483656466,1002.590000000000,0.340000000000
1483656474,1002.590000000000,68.386900000000
1483656478,1002.590000000000,0.039500000000
1483656485,1002.590000000000,2.600500000000
1483656485,1002.440000000000,2.040000000000
1483656488,1002.630000000000,3.250000000000
1483656491,1002.660000000000,1.750000000000
1483656494,1002.440000000000,0.265100000000
1483656494,1002.630000000000,0.054900000000
1483656494,1002.970000000000,0.231100000000
1483656505,1002.630000000000,1.180000000000
1483656516,1002.630000000000,1.390000000000
1483656516,1002.970000000000,0.068900000000
1483656516,1003.160000000000,1.010000000000
1483656516,1003.040000000000,2.360000000000
1483656516,1003.040000000000,2.960000000000
1483656516,1002.680000000000,1.330000000000
1483656517,1003.260000000000,0.300000000000
1483656517,1003.210000000000,0.300000000000
1483656517,1003.260000000000,0.010000000000
1483656517,1003.210000000000,5.000000000000
1483656519,1003.160000000000,0.050000000000
1483656529,1003.160000000000,0.100000000000
1483656538,1002.590000000000,0.100000000000
1483656538,1003.360000000000,3.650000000000
1483656539,1003.440000000000,4.160000000000
1483656539,1003.440000000000,1.230000000000
1483656541,1003.250000000000,0.040000000000
1483656550,1003.250000000000,0.100000000000
1483656552,1003.440000000000,0.010000000000
1483656559,1003.430000000000,0.020000000000
1483656577,1003.780000000000,0.010000000000
1483656580,1003.780000000000,0.270000000000
1483656586,1003.940000000000,0.100000000000
1483656593,1004.160000000000,0.080000000000
1483656602,1004.160000000000,0.200000000000
1483656611,1004.860000000000,0.010000000000
1483656615,1004.860000000000,0.100000000000
1483656618,1004.860000000000,0.100000000000
1483656638,1004.990000000000,0.033300000000
1483656642,1005.180000000000,0.500000000000
1483656652,1005.180000000000,0.890000000000
1483656657,1005.190000000000,1.090000000000
1483656660,1005.190000000000,1.090000000000
1483656662,1005.190000000000,0.020000000000
1483656667,1005.200000000000,3.686900000000
1483656670,1006.060000000000,0.450000000000
1483656674,1006.060000000000,0.590000000000
1483656686,1006.070000000000,0.020000000000
1483656689,1007.170000000000,0.050000000000
1483656691,1007.170000000000,1.000000000000
1483656693,1007.170000000000,0.260000000000
1483656696,1007.180000000000,0.740000000000
1483656701,1007.030000000000,0.830000000000
1483656706,1007.040000000000,0.520000000000
1483656709,1007.040000000000,0.700000000000
1483656712,1007.440000000000,0.004400000000
1483656717,1007.040000000000,1.130000000000
1483656723,1007.040000000000,0.400000000000
1483656723,1007.030000000000,0.970000000000
1483656727,1007.040000000000,1.000000000000
1483656729,1007.040000000000,0.460000000000
1483656732,1007.030000000000,1.000000000000
1483656735,1007.130000000000,0.290000000000
1483656737,1007.130000000000,0.490000000000
1483656740,1007.140000000000,0.010000000000
1483656742,1007.140000000000,0.040000000000
1483656745,1007.140000000000,1.710000000000
1483656747,1007.140000000000,0.620000000000
1483656749,1007.130000000000,0.170000000000
1483656752,1007.130000000000,0.100000000000
1483656756,1007.140000000000,0.230000000000
1483656759,1007.140000000000,0.770000000000
1483656762,1007.130000000000,1.000000000000
1483656765,1007.310000000000,0.290000000000
1483656767,1007.310000000000,0.390000000000
1483656769,1007.310000000000,1.230000000000
1483656771,1006.730000000000,1.140000000000
1483656773,1007.440000000000,0.045600000000
1483656773,1007.140000000000,1.480000000000
1483656776,1007.180000000000,1.000000000000
1483656778,1007.180000000000,0.750000000000
1483656789,1007.230000000000,0.370000000000
1483656792,1007.230000000000,0.840000000000
1483656795,1007.310000000000,0.870000000000
1483656795,1007.310000000000,2.170000000000
1483656795,1007.230000000000,2.240000000000
1483656797,1007.320000000000,2.760000000000
1483656800,1007.370000000000,1.720000000000
1483656802,1007.410000000000,4.930000000000
1483656806,1007.370000000000,0.550000000000
1483656808,1007.370000000000,1.430000000000
1483656810,1007.330000000000,0.140000000000
1483656813,1007.330000000000,0.380000000000
1483656825,1007.240000000000,0.640000000000
1483656827,1007.240000000000,0.410000000000
1483656831,1007.240000000000,1.620000000000
1483656832,1007.330000000000,0.310000000000
1483656832,1007.330000000000,1.310000000000
1483656836,1007.360000000000,0.340000000000
1483656840,1007.350000000000,1.180000000000
1483656843,1007.410000000000,1.050000000000
1483656846,1007.410000000000,0.600000000000
1483656850,1008.120000000000,1.780000000000
1483656852,1008.190000000000,0.630000000000
1483656859,1007.950000000000,0.720000000000
1483656865,1007.290000000000,0.970000000000
1483656869,1007.290000000000,0.030000000000
1483656872,1007.290000000000,0.240000000000
1483656876,1007.320000000000,1.000000000000
1483656882,1007.320000000000,0.210000000000
1483656882,1007.260000000000,0.800000000000
1483656884,1007.360000000000,1.000000000000
1483656886,1007.400000000000,1.000000000000
1483656887,1007.950000000000,1.000000000000
1483656888,1007.950000000000,26.000000000000
1483656888,1007.950000000000,0.084000000000
1483656888,1007.950000000000,0.080000000000
1483656888,1007.950000000000,0.079000000000
1483656888,1007.950000000000,0.082000000000
1483656888,1007.950000000000,0.078000000000
1483656891,1007.560000000000,0.060000000000
1483656893,1007.560000000000,1.000000000000
1483656897,1007.900000000000,0.270000000000
1483656900,1007.900000000000,0.730000000000
1483656908,1007.950000000000,0.043500000000
1483656911,1007.860000000000,0.200000000000
1483656913,1007.860000000000,0.460000000000
1483656918,1007.850000000000,0.840000000000
1483656923,1007.860000000000,0.110000000000
1483656924,1007.860000000000,0.188000000000
1483656924,1008.190000000000,0.231000000000
1483656924,1008.190000000000,0.290000000000
1483656948,1009.030000000000,1.036900000000
1483656960,1008.830000000000,63.861500000000
1483656960,1008.530000000000,1.138500000000
1483656966,1008.530000000000,0.540000000000
1483656970,1008.530000000000,11.621500000000
1483656971,1008.370000000000,62.587900000000
1483656971,1008.530000000000,2.970000000000
1483656974,1007.990000000000,0.604200000000
1483656979,1007.990000000000,22.216400000000
1483656983,1008.530000000000,1.120000000000
1483656993,1009.430000000000,0.050000000000
1483656996,1009.870000000000,0.100000000000
1483657002,1009.870000000000,0.100000000000
1483657004,1009.870000000000,0.340000000000
1483657009,1009.870000000000,1.880000000000
1483657017,1009.660000000000,27.000000000000
1483657020,1009.660000000000,0.230000000000
1483657021,1010.000000000000,1.000000000000
1483657021,1009.870000000000,1.200000000000
1483657021,1009.870000000000,0.060000000000
1483657023,1010.220000000000,0.100000000000
1483657026,1010.230000000000,0.400000000000
1483657038,1009.580000000000,1.590000000000
1483657039,1010.220000000000,0.054900000000
1483657040,1009.600000000000,1.000000000000
1483657043,1009.600000000000,1.440000000000
1483657047,1009.600000000000,0.073400000000
1483657049,1009.600000000000,0.886600000000
1483657049,1009.580000000000,2.390000000000
1483657051,1009.710000000000,0.100000000000
1483657054,1009.720000000000,1.220000000000
1483657058,1009.720000000000,2.220000000000
1483657068,1009.700000000000,0.100000000000
1483657071,1009.700000000000,0.390000000000
1483657073,1009.700000000000,3.810000000000
1483657077,1009.650000000000,2.480000000000
1483657080,1009.500000000000,2.610000000000
1483657083,1009.620000000000,0.610000000000
1483657083,1009.700000000000,0.100000000000
1483657086,1009.620000000000,1.160000000000
1483657087,1009.720000000000,3.000000000000
1483657087,1009.710000000000,2.000000000000
1483657087,1009.720000000000,1.550000000000
1483657087,1009.720000000000,0.100000000000
1483657092,1009.700000000000,1.240000000000
1483657128,1010.010000000000,0.400000000000
1483657128,1010.000000000000,0.120000000000
1483657132,1010.220000000000,0.221900000000
1483657140,1010.000000000000,0.070000000000
1483657142,1010.000000000000,0.250000000000
1483657146,1010.000000000000,0.460000000000
1483657148,1010.000000000000,0.100000000000
1483657149,1009.480000000000,0.440000000000
1483657151,1009.480000000000,2.524000000000
1483657152,1009.470000000000,3.816000000000
1483657152,1010.220000000000,1.212900000000
1483657156,1009.480000000000,1.290000000000
1483657161,1009.510000000000,0.300000000000
1483657170,1008.850000000000,0.910000000000
1483657173,1008.850000000000,0.100000000000
1483657176,1009.330000000000,1.000000000000
1483657179,1009.780000000000,2.500000000000
1483657181,1009.780000000000,0.360000000000
1483657186,1009.790000000000,0.700000000000
1483657188,1009.790000000000,0.230000000000
1483657197,1009.090000000000,0.260000000000
1483657198,1009.090000000000,0.240000000000
1483657206,1009.790000000000,1.050000000000
1483657206,1009.780000000000,0.950000000000
1483657207,1010.010000000000,0.078000000000
1483657207,1010.010000000000,0.083000000000
1483657207,1009.780000000000,0.079000000000
1483657207,1010.160000000000,0.390000000000
1483657208,1010.160000000000,0.078000000000
1483657209,1010.160000000000,0.082000000000
1483657213,1010.170000000000,2.500000000000
1483657219,1010.160000000000,0.100000000000
1483657225,1010.170000000000,0.100000000000
1483657226,1009.890000000000,1.930000000000
1483657227,1009.890000000000,0.910000000000
1483657233,1009.890000000000,0.090000000000
1483657234,1010.220000000000,0.730300000000
1483657236,1010.440000000000,1.930000000000
1483657237,1010.440000000000,0.340000000000
1483657244,1010.800000000000,0.100000000000
1483657248,1010.800000000000,0.010000000000
1483657249,1010.540000000000,0.090000000000
1483657252,1009.930000000000,0.850000000000
1483657252,1010.540000000000,0.020000000000
1483657257,1009.930000000000,1.130000000000
1483657258,1010.170000000000,0.100000000000
1483657262,1010.170000000000,0.010000000000
1483657262,1009.680000000000,2.390000000000
1483657268,1010.400000000000,0.360000000000
1483657272,1010.410000000000,2.240000000000
1483657277,1011.030000000000,0.090000000000
1483657279,1010.400000000000,4.480000000000
1483657280,1010.410000000000,0.093000000000
1483657280,1010.410000000000,0.087000000000
1483657297,1010.410000000000,0.035000000000
1483657297,1010.410000000000,0.095000000000
1483657299,1010.720000000000,0.100000000000
1483657303,1010.720000000000,0.100000000000
1483657306,1010.720000000000,1.000000000000
1483657310,1010.720000000000,0.100000000000
1483657313,1010.500000000000,0.900000000000
