1478202935,704.000000000000,0.070000000000
1478202937,704.000000000000,0.070000000000
1478202938,704.000000000000,0.070000000000
1478202940,704.000000000000,0.070000000000
1478202942,704.000000000000,0.340000000000
1478202944,704.000000000000,0.660000000000
1478202946,704.000000000000,0.070000000000
1478202949,704.000000000000,0.600000000000
1478202950,704.000000000000,0.400000000000
1478202953,704.000000000000,0.070000000000
1478202954,704.000000000000,0.010000000000
1478202956,704.000000000000,0.070000000000
1478202957,704.000000000000,1.000000000000
1478202959,704.000000000000,0.070000000000
1478202960,704.000000000000,1.000000000000
1478202961,704.000000000000,0.620000000000
1478202963,704.000000000000,0.380000000000
1478202965,704.000000000000,1.000000000000
1478202966,704.000000000000,1.000000000000
1478202967,704.000000000000,0.550000000000
1478202968,704.000000000000,0.450000000000
1478202973,704.000000000000,0.070000000000
1478202974,704.000000000000,0.070000000000
1478202975,704.000000000000,0.070000000000
1478202977,704.000000000000,0.010000000000
1478202978,704.000000000000,0.640000000000
1478202980,704.000000000000,0.360000000000
1478202982,704.000000000000,1.000000000000
1478202982,704.000000000000,0.020000000000
1478202983,704.000000000000,0.980000000000
1478202984,704.000000000000,0.020000000000
1478202986,704.000000000000,1.000000000000
1478202988,704.000000000000,0.070000000000
1478202989,704.000000000000,0.040000000000
1478202992,704.000000000000,0.620000000000
1478202993,704.000000000000,1.380000000000
1478202994,704.000000000000,0.040000000000
1478202995,704.000000000000,0.010000000000
1478202997,704.000000000000,0.010000000000
1478202998,704.000000000000,1.080000000000
1478203001,704.000000000000,1.240000000000
1478203002,704.000000000000,0.680000000000
1478203003,704.000000000000,0.010000000000
1478203005,704.000000000000,1.100000000000
1478203006,704.000000000000,1.070000000000
1478203008,704.000000000000,0.830000000000
1478203009,704.000000000000,1.000000000000
1478203010,704.000000000000,0.070000000000
1478203012,704.000000000000,0.070000000000
1478203016,704.000000000000,0.010000000000
1478203017,704.000000000000,0.680000000000
1478203018,704.000000000000,0.070000000000
1478203020,704.000000000000,1.370000000000
1478203021,704.000000000000,1.250000000000
1478203023,704.000000000000,0.380000000000
1478203277,703.620000000000,2.000000000000
1478203368,704.000000000000,3.232500000000
1478203396,705.200000000000,4.256000000000
1478203396,705.180000000000,0.060000000000
1478203396,705.470000000000,25.000000000000
1478203396,706.130000000000,1.000000000000
1478203448,706.860000000000,0.496000000000
1478203469,707.230000000000,0.550000000000
1478203647,707.360000000000,0.010000000000
1478203649,707.360000000000,1.450000000000
1478203654,707.870000000000,1.400000000000
1478203655,707.880000000000,0.350000000000
1478203656,707.360000000000,0.500000000000
1478203660,707.380000000000,0.500000000000
1478203665,707.380000000000,0.900000000000
1478203668,707.880000000000,0.914000000000
1478203668,707.870000000000,1.346000000000
1478203674,707.890000000000,1.214900000000
1478203675,707.950000000000,0.685100000000
1478203678,707.950000000000,2.330000000000
1478203678,707.930000000000,1.000000000000
1478203681,707.990000000000,0.760000000000
1478203682,707.990000000000,0.560000000000
1478203682,708.000000000000,0.440000000000
1478203684,708.000000000000,0.100000000000
1478203685,708.000000000000,0.460000000000
1478203686,708.230000000000,1.000000000000
1478203687,707.950000000000,0.460000000000
1478203687,708.000000000000,0.040000000000
1478203689,708.230000000000,0.140000000000
1478203691,708.230000000000,0.360000000000
1478203693,708.220000000000,0.640000000000
1478203696,708.230000000000,1.370000000000
1478203698,708.050000000000,0.490000000000
1478203700,708.050000000000,0.810000000000
1478203701,708.050000000000,0.070000000000
1478203704,708.050000000000,0.040000000000
1478203706,708.050000000000,1.020000000000
1478203711,708.050000000000,1.290000000000
1478203711,708.140000000000,0.680000000000
1478203712,707.690000000000,7.170000000000
1478203712,707.880000000000,6.360000000000
1478203712,707.950000000000,0.180000000000
1478203712,707.900000000000,10.000000000000
1478203712,707.890000000000,1.160000000000
1478203713,707.580000000000,0.840000000000
1478203714,707.800000000000,1.300000000000
1478203717,707.800000000000,0.490000000000
1478203719,707.800000000000,0.380000000000
1478203720,707.500000000000,0.020000000000
1478203722,707.860000000000,0.010000000000
1478203724,707.860000000000,0.500000000000
1478203726,707.570000000000,0.010000000000
1478203728,707.380000000000,0.980000000000
1478203728,707.360000000000,0.040000000000
1478203728,707.370000000000,0.620000000000
1478203729,707.320000000000,0.070000000000
1478203733,707.320000000000,0.070000000000
1478203734,707.320000000000,0.200000000000
1478203738,707.320000000000,0.300000000000
1478203739,707.320000000000,0.100000000000
1478203740,707.320000000000,1.210000000000
1478203744,707.360000000000,1.030000000000
1478203746,707.360000000000,0.260000000000
1478203748,707.150000000000,0.200000000000
1478203750,707.150000000000,0.200000000000
1478203753,707.120000000000,0.070000000000
1478203753,707.150000000000,0.070000000000
1478203754,706.820000000000,1.000000000000
1478203756,706.820000000000,0.070000000000
1478203759,706.820000000000,0.500000000000
1478203762,706.890000000000,0.780000000000
1478203765,706.820000000000,0.500000000000
1478203765,706.890000000000,0.720000000000
1478203767,706.790000000000,0.750000000000
1478203774,706.790000000000,1.280000000000
1478203776,706.730000000000,1.330000000000
1478203778,706.810000000000,0.500000000000
1478203781,706.810000000000,0.900000000000
1478203781,706.820000000000,0.370000000000
1478203784,706.820000000000,0.660000000000
1478203785,706.730000000000,0.640000000000
1478203785,706.810000000000,0.570000000000
1478203787,706.490000000000,0.500000000000
1478203790,706.280000000000,1.330000000000
1478203792,706.280000000000,0.830000000000
1478203794,705.810000000000,0.340000000000
1478203796,705.810000000000,0.569200000000
1478203796,706.270000000000,0.090800000000
1478203798,706.270000000000,1.280000000000
1478203800,706.280000000000,0.490000000000
1478203800,706.270000000000,0.080000000000
1478203802,706.080000000000,0.070000000000
1478203803,706.080000000000,0.500000000000
1478203806,706.080000000000,2.500000000000
1478203808,705.800000000000,0.270000000000
1478203810,705.800000000000,0.240000000000
1478203811,705.790000000000,1.288000000000
1478203812,705.800000000000,0.132000000000
1478203814,706.180000000000,0.553200000000
1478203814,705.800000000000,0.666800000000
1478203816,706.180000000000,0.657700000000
1478203817,706.180000000000,0.552300000000
1478203819,705.290000000000,0.130000000000
1478203821,705.120000000000,1.438800000000
1478203821,705.280000000000,0.280000000000
1478203824,705.290000000000,0.738700000000
1478203825,705.840000000000,0.321300000000
1478203830,705.400000000000,0.500000000000
1478203837,705.280000000000,0.990000000000
1478203837,705.280000000000,0.180000000000
1478203837,705.280000000000,0.500000000000
1478203892,701.960000000000,25.000000000000
1478204236,701.570000000000,0.500000000000
1478204491,700.860000000000,0.048600000000
1478204491,700.840000000000,1.000000000000
1478204495,700.780000000000,0.470000000000
1478204497,700.770000000000,0.030000000000
1478204499,700.770000000000,0.500000000000
1478204502,700.770000000000,0.500000000000
1478204505,700.780000000000,1.390000000000
1478204508,700.870000000000,0.120000000000
1478204508,700.870000000000,1.360000000000
1478204510,700.870000000000,0.500000000000
1478204512,700.790000000000,1.100000000000
1478204513,700.790000000000,0.550000000000
1478204515,700.790000000000,0.500000000000
1478204515,700.770000000000,1.120000000000
1478204516,700.680000000000,2.010000000000
1478204520,700.720000000000,0.500000000000
1478204522,700.710000000000,1.020000000000
1478204523,700.710000000000,1.010000000000
1478204525,700.710000000000,0.460000000000
1478204530,700.720000000000,1.020000000000
1478204533,700.720000000000,0.860000000000
1478204534,700.720000000000,0.980000000000
1478204535,700.720000000000,0.540000000000
1478204539,700.870000000000,0.700000000000
1478204541,700.870000000000,1.300000000000
1478204543,700.800000000000,0.100000000000
1478204544,700.800000000000,1.270000000000
1478204546,700.800000000000,0.630000000000
1478204548,700.910000000000,2.000000000000
1478204550,700.870000000000,1.350000000000
1478204554,700.720000000000,1.460000000000
1478204554,700.870000000000,0.650000000000
1478204554,700.680000000000,0.020000000000
1478204554,700.710000000000,0.010000000000
1478204555,700.890000000000,2.000000000000
1478204557,700.490000000000,0.980000000000
1478204558,700.490000000000,0.500000000000
1478204560,700.490000000000,0.530000000000
1478204565,700.490000000000,1.830000000000
1478204566,700.490000000000,0.170000000000
1478204568,700.430000000000,2.000000000000
1478204570,699.980000000000,0.330000000000
1478204575,699.980000000000,0.060000000000
1478204578,699.960000000000,0.610000000000
1478204579,699.960000000000,1.890000000000
1478204582,699.960000000000,0.170000000000
1478204582,699.960000000000,0.110000000000
1478204583,699.960000000000,0.990000000000
1478204583,699.980000000000,0.840000000000
1478204584,699.690000000000,2.000000000000
1478204585,699.670000000000,1.360000000000
1478204588,699.660000000000,0.640000000000
1478204589,699.660000000000,1.860000000000
1478204591,699.660000000000,0.140000000000
1478204596,699.670000000000,0.930000000000
1478204599,699.900000000000,1.390000000000
1478204600,699.900000000000,0.610000000000
1478204602,699.820000000000,0.040000000000
1478204604,699.820000000000,0.500000000000
1478204607,699.820000000000,0.070000000000
1478204609,699.820000000000,0.070000000000
1478204611,699.820000000000,0.920000000000
1478204613,699.820000000000,1.290000000000
1478204616,700.160000000000,1.220000000000
1478204618,700.150000000000,1.190000000000
1478204620,700.150000000000,1.240000000000
1478204625,700.160000000000,0.490000000000
1478204628,700.160000000000,1.000000000000
1478204628,700.160000000000,0.510000000000
1478204630,700.160000000000,0.760000000000
1478204635,700.180000000000,1.270000000000
1478204637,700.180000000000,0.440000000000
1478204642,700.180000000000,0.560000000000
1478204642,700.160000000000,0.400000000000
1478204642,700.160000000000,0.680000000000
1478204643,700.150000000000,0.307900000000
1478204643,700.150000000000,0.070000000000
1478204643,700.150000000000,0.340000000000
1478204643,700.160000000000,4.277000000000
1478204789,701.140000000000,0.055500000000
1478204851,702.410000000000,1.600000000000
1478204891,702.490000000000,2.262700000000
1478204892,702.460000000000,4.260000000000
1478205326,700.000000000000,1.000000000000
1478205384,699.820000000000,0.290000000000
1478205394,699.810000000000,0.697600000000
1478205422,699.670000000000,1.070000000000
1478205422,699.660000000000,1.570000000000
1478205422,699.660000000000,0.430000000000
1478205462,699.070000000000,1.000000000000
1478205492,699.330000000000,1.212000000000
1478205516,699.690000000000,0.590000000000
1478205518,699.690000000000,0.410000000000
1478205520,699.680000000000,0.010000000000
1478205522,699.680000000000,0.500000000000
1478205525,699.680000000000,0.060000000000
1478205526,699.680000000000,0.070000000000
1478205528,699.680000000000,0.070000000000
1478205530,699.690000000000,4.730000000000
1478205534,699.930000000000,0.770000000000
1478205536,699.930000000000,0.230000000000
1478205538,699.920000000000,1.410000000000
1478205541,699.920000000000,1.700000000000
1478205544,699.920000000000,0.890000000000
1478205546,699.920000000000,0.100000000000
1478205548,699.930000000000,2.220000000000
1478205550,699.720000000000,1.040000000000
1478205552,699.720000000000,0.740000000000
1478205554,699.930000000000,1.000000000000
1478205554,699.930000000000,0.050000000000
1478205638,700.020000000000,1.812000000000
1478205693,700.110000000000,1.169100000000
1478205819,700.190000000000,0.348400000000
1478206188,699.690000000000,4.000000000000
1478206188,699.680000000000,0.070000000000
1478206488,698.470000000000,25.000000000000
1478206538,698.000000000000,1.000000000000
1478206642,697.450000000000,0.070000000000
1478206644,697.450000000000,0.070000000000
1478206646,697.450000000000,0.070000000000
1478206650,697.490000000000,1.450000000000
1478206650,697.480000000000,0.130000000000
1478206651,697.450000000000,0.070000000000
1478206652,696.990000000000,1.000000000000
1478206654,696.990000000000,0.420000000000
1478206656,696.990000000000,0.070000000000
1478206657,696.990000000000,0.070000000000
1478206659,696.990000000000,0.070000000000
1478206661,696.990000000000,0.050000000000
1478206662,696.990000000000,0.070000000000
1478206666,697.180000000000,0.740000000000
1478206668,697.180000000000,1.060000000000
1478206669,697.010000000000,1.160000000000
1478206671,697.010000000000,1.420000000000
1478206673,697.240000000000,0.350000000000
1478206675,697.240000000000,0.500000000000
1478206677,697.240000000000,1.480000000000
1478206679,697.210000000000,1.130000000000
1478206681,697.210000000000,0.870000000000
1478206683,697.190000000000,0.070000000000
1478206688,697.190000000000,0.070000000000
1478206689,697.170000000000,0.030000000000
1478206690,697.170000000000,1.500000000000
1478206694,697.180000000000,0.070000000000
1478206697,697.190000000000,0.330000000000
1478206700,697.170000000000,1.320000000000
1478206700,697.190000000000,0.010000000000
1478206700,697.180000000000,0.670000000000
1478206701,697.170000000000,0.170000000000
1478206701,696.990000000000,0.260000000000
1478206703,697.030000000000,0.070000000000
1478206705,697.030000000000,0.010000000000
1478206707,696.890000000000,3.650000000000
1478206708,697.020000000000,1.000000000000
1478206711,697.070000000000,1.600000000000
1478206713,697.010000000000,1.000000000000
1478206714,697.060000000000,1.000000000000
1478206715,697.080000000000,1.500000000000
1478206718,696.890000000000,1.250000000000
1478206719,696.620000000000,0.190000000000
1478206720,695.940000000000,4.305000000000
1478206841,695.700000000000,0.810000000000
1478207062,697.230000000000,0.100000000000
1478207063,697.240000000000,1.330000000000
1478207066,697.240000000000,1.030000000000
1478207069,697.360000000000,0.030000000000
1478207076,697.360000000000,0.920000000000
1478207077,697.360000000000,1.700000000000
1478207083,697.750000000000,2.240000000000
1478207091,697.840000000000,1.000000000000
1478207093,697.840000000000,1.000000000000
1478207094,697.840000000000,1.520000000000
1478207095,697.840000000000,1.980000000000
1478207099,697.840000000000,0.264100000000
1478207100,697.890000000000,0.930000000000
1478207102,697.890000000000,0.240000000000
1478207102,697.890000000000,0.760000000000
1478207105,698.110000000000,0.880000000000
1478207107,698.110000000000,0.070000000000
1478207108,698.110000000000,1.698600000000
1478207346,698.310000000000,1.414000000000
1478207389,698.270000000000,1.180000000000
1478207391,697.900000000000,0.100000000000
1478207399,697.840000000000,1.440000000000
1478207399,697.890000000000,0.070000000000
1478207399,697.840000000000,2.355900000000
1478207399,697.750000000000,1.280000000000
1478207400,697.480000000000,0.100000000000
1478207400,697.760000000000,1.074000000000
1478207435,697.780000000000,0.070000000000
1478207438,697.980000000000,0.040000000000
1478207438,697.780000000000,0.030000000000
1478207440,697.980000000000,0.930000000000
1478207443,697.980000000000,0.410000000000
1478207444,697.610000000000,0.590000000000
1478207447,697.610000000000,0.630000000000
1478207449,697.610000000000,0.020000000000
1478207451,697.360000000000,2.560000000000
1478207451,697.370000000000,4.282000000000
1478207451,697.610000000000,0.350000000000
1478207451,697.470000000000,0.100000000000
1478207451,697.460000000000,2.240000000000
1478207454,697.270000000000,0.540000000000
1478207457,697.260000000000,0.020000000000
1478207481,697.300000000000,0.100000000000
1478207500,697.260000000000,0.880000000000
1478207500,697.260000000000,1.060000000000
1478207500,697.270000000000,0.100000000000
1478207501,697.230000000000,0.040000000000
1478207501,697.240000000000,0.020000000000
1478207784,697.230000000000,0.070000000000
1478207790,697.230000000000,0.070000000000
1478207793,697.080000000000,0.070000000000
1478208119,698.930000000000,2.500000000000
1478208122,698.950000000000,0.030000000000
1478208124,698.950000000000,0.070000000000
1478208138,698.950000000000,3.100000000000
1478208497,700.840000000000,0.070000000000
1478208499,700.840000000000,0.070000000000
1478208501,700.840000000000,0.070000000000
1478208503,700.840000000000,1.610000000000
1478208504,700.840000000000,0.390000000000
1478208507,700.840000000000,0.070000000000
1478208509,700.840000000000,0.070000000000
1478208511,700.840000000000,0.730000000000
1478208513,700.910000000000,1.000000000000
1478208515,700.910000000000,0.770000000000
1478208517,700.900000000000,0.770000000000
1478208519,700.900000000000,1.000000000000
1478208522,701.030000000000,0.070000000000
1478208525,701.030000000000,0.940000000000
1478208527,701.010000000000,1.200000000000
1478208528,700.900000000000,0.730000000000
1478208529,700.860000000000,0.360000000000
1478208532,700.860000000000,1.400000000000
1478208544,700.870000000000,0.100000000000
1478208608,701.500000000000,0.100000000000
1478208609,701.570000000000,0.108200000000
1478208609,701.510000000000,0.100000000000
1478208696,701.560000000000,0.100000000000
1478208697,701.610000000000,0.734000000000
1478208749,701.110000000000,0.043400000000
1478208765,701.080000000000,0.002200000000
1478208785,701.090000000000,0.000100000000
1478208922,701.060000000000,0.010000000000
1478208927,701.060000000000,0.090000000000
1478208928,701.160000000000,0.210000000000
1478208959,700.860000000000,1.100000000000
1478208972,699.740000000000,0.699300000000
1478208976,699.730000000000,0.100000000000
1478208976,699.730000000000,0.237900000000
1478209107,698.500000000000,0.100000000000
1478209117,696.760000000000,0.030000000000
1478209126,695.880000000000,0.100000000000
1478209136,695.420000000000,0.100000000000
1478209140,695.040000000000,4.310000000000
1478209144,695.000000000000,4.800000000000
1478209147,695.000000000000,20.200000000000
1478209155,693.920000000000,0.100000000000
1478209180,693.450000000000,0.200000000000
1478209180,693.450000000000,1.240000000000
1478209180,693.450000000000,4.323000000000
1478209181,693.460000000000,0.970000000000
1478209182,693.540000000000,1.459000000000
1478209208,693.440000000000,0.100000000000
1478209279,694.380000000000,0.100000000000
1478209397,695.010000000000,0.100000000000
1478209400,695.020000000000,0.700000000000
1478209402,695.010000000000,1.550000000000
1478209404,695.010000000000,0.760000000000
1478209407,695.010000000000,1.000000000000
1478209408,695.010000000000,0.570000000000
1478209410,694.990000000000,0.050000000000
1478209412,694.990000000000,1.380000000000
1478209415,694.680000000000,0.100000000000
1478209418,694.680000000000,0.830000000000
1478209419,694.490000000000,1.070000000000
1478209422,694.220000000000,0.400000000000
1478209424,694.000000000000,1.320000000000
1478209426,693.750000000000,0.780000000000
1478209426,693.750000000000,0.100000000000
1478209428,693.740000000000,0.040000000000
1478209428,693.750000000000,0.640000000000
1478209429,693.750000000000,1.020000000000
1478209430,693.490000000000,0.800000000000
1478209431,693.490000000000,1.000000000000
1478209433,693.490000000000,0.230000000000
1478209434,693.390000000000,0.770000000000
1478209436,693.390000000000,0.230000000000
1478209438,693.390000000000,0.230000000000
1478209440,693.390000000000,0.620000000000
1478209442,693.390000000000,0.860000000000
1478209446,693.420000000000,0.090000000000
1478209448,693.420000000000,1.000000000000
1478209451,693.590000000000,1.020000000000
1478209451,693.480000000000,0.100000000000
1478209453,693.530000000000,1.124000000000
1478209453,693.530000000000,1.120000000000
1478209455,693.530000000000,0.070000000000
1478209457,693.530000000000,1.340000000000
1478209460,693.540000000000,0.660000000000
1478209462,693.540000000000,0.050000000000
1478209464,693.530000000000,0.040000000000
1478209465,693.540000000000,0.960000000000
1478209466,693.540000000000,0.270000000000
1478209469,693.540000000000,0.740000000000
1478209472,693.580000000000,0.100000000000
1478209473,693.660000000000,0.960000000000
1478209474,693.620000000000,0.100000000000
1478209476,693.660000000000,1.000000000000
1478209477,693.660000000000,0.480000000000
1478209479,693.670000000000,1.010000000000
1478209483,693.670000000000,0.650000000000
1478209488,693.990000000000,1.520000000000
1478209490,693.770000000000,0.100000000000
1478209490,693.990000000000,0.510000000000
1478209492,693.990000000000,0.790000000000
1478209493,693.990000000000,1.710000000000
1478209498,693.940000000000,1.640000000000
1478209499,693.940000000000,0.860000000000
1478209502,694.040000000000,1.210000000000
1478209504,693.980000000000,0.100000000000
1478209506,694.150000000000,0.890000000000
1478209506,694.040000000000,0.830000000000
1478209507,693.940000000000,0.360000000000
1478209508,693.940000000000,1.610000000000
1478209510,693.880000000000,1.630000000000
1478209512,693.880000000000,0.160000000000
1478209514,693.880000000000,0.810000000000
1478209514,693.660000000000,1.370000000000
1478209514,693.760000000000,0.470000000000
1478209514,693.670000000000,0.130000000000
1478209516,693.720000000000,1.690000000000
1478209519,693.720000000000,0.180000000000
1478209520,693.720000000000,1.660000000000
1478209522,693.760000000000,0.050000000000
1478209524,693.760000000000,0.320000000000
1478209526,693.760000000000,1.930000000000
1478209527,693.760000000000,0.080000000000
1478209530,693.710000000000,0.100000000000
1478209531,693.760000000000,0.080000000000
1478209532,693.760000000000,1.460000000000
1478209534,693.610000000000,0.650000000000
1478209535,693.610000000000,0.400000000000
1478209540,693.730000000000,0.830000000000
1478209543,693.730000000000,0.170000000000
1478209545,693.730000000000,1.370000000000
1478209546,693.700000000000,0.270000000000
1478209548,693.700000000000,1.000000000000
1478209551,693.610000000000,1.000000000000
1478209551,693.610000000000,0.010000000000
1478209551,693.700000000000,2.010000000000
1478209551,693.540000000000,0.690000000000
1478209553,693.580000000000,0.500000000000
1478209555,693.580000000000,0.170000000000
1478209557,693.580000000000,0.070000000000
1478209559,693.580000000000,0.700000000000
1478209561,693.580000000000,1.200000000000
1478209562,693.570000000000,0.070000000000
1478209564,693.570000000000,0.030000000000
1478209565,693.680000000000,0.100000000000
1478209566,693.680000000000,2.090000000000
1478209568,693.660000000000,0.280000000000
1478209571,693.660000000000,0.070000000000
1478209572,693.660000000000,0.160000000000
1478209575,693.660000000000,0.840000000000
1478209577,693.660000000000,0.100000000000
1478209578,693.960000000000,0.570000000000
1478209580,693.950000000000,0.030000000000
1478209582,693.950000000000,1.070000000000
1478209586,693.950000000000,0.100000000000
1478209588,693.960000000000,0.170000000000
1478209590,693.960000000000,0.070000000000
1478209591,693.960000000000,0.470000000000
1478209595,693.960000000000,0.540000000000
1478209596,693.950000000000,0.910000000000
1478209597,693.950000000000,0.390000000000
1478209598,693.660000000000,0.330000000000
1478209600,693.450000000000,1.080000000000
1478209601,693.450000000000,0.370000000000
1478209602,693.450000000000,0.170000000000
1478209603,693.450000000000,9.830000000000
1478209606,693.650000000000,1.380000000000
1478209608,693.700000000000,0.460000000000
1478209610,693.450000000000,0.670000000000
1478209610,693.390000000000,1.550000000000
1478209610,693.420000000000,0.270000000000
1478209611,693.300000000000,0.070000000000
1478209612,693.300000000000,1.370000000000
1478209615,693.300000000000,0.750000000000
1478209616,693.240000000000,0.200000000000
1478209618,693.240000000000,0.800000000000
1478209620,693.240000000000,1.000000000000
1478209624,693.250000000000,0.830000000000
1478209626,693.250000000000,1.430000000000
1478209627,693.290000000000,0.100000000000
1478209628,693.320000000000,0.970000000000
1478209630,693.240000000000,0.100000000000
1478209679,693.240000000000,1.070000000000
1478209691,693.000000000000,46.555000000000
1478209702,693.000000000000,17.673600000000
1478209732,691.610000000000,0.100000000000
1478209733,691.540000000000,25.000000000000
1478209786,691.010000000000,0.100000000000
1478209787,691.000000000000,0.070000000000
1478209787,691.000000000000,0.020000000000
1478209787,691.000000000000,0.070000000000
1478209788,691.000000000000,0.070000000000
1478209788,691.000000000000,2.000000000000
1478209788,691.000000000000,0.070000000000
1478209789,690.970000000000,0.070000000000
1478209801,690.850000000000,0.070000000000
1478209802,690.850000000000,0.070000000000
1478209802,690.850000000000,0.070000000000
1478209882,690.890000000000,4.313000000000
1478209882,690.870000000000,0.100000000000
1478210000,690.090000000000,0.070000000000
1478210000,690.340000000000,0.070000000000
1478210000,690.340000000000,0.070000000000
1478210001,690.090000000000,0.600000000000
1478210001,690.090000000000,1.400000000000
1478210049,690.130000000000,0.020000000000
1478210051,690.130000000000,0.080000000000
1478210052,690.140000000000,0.580000000000
1478210054,690.140000000000,0.020000000000
1478210058,690.160000000000,0.130000000000
1478210061,690.130000000000,0.100000000000
1478210092,690.010000000000,0.050300000000
1478210371,690.290000000000,0.100000000000
1478210372,690.300000000000,75.763300000000
1478210372,690.610000000000,4.333000000000
1478210372,690.300000000000,24.236700000000
1478210376,690.620000000000,0.100000000000
1478210411,691.300000000000,0.699300000000
1478210452,691.430000000000,0.100000000000
1478210529,693.860000000000,0.707700000000
1478210695,695.020000000000,49.300000000000
1478211056,693.300000000000,1.000100000000
1478211056,693.310000000000,0.100000000000
1478211059,692.360000000000,0.100000000000
1478211065,692.330000000000,1.305100000000
1478211067,691.130000000000,1.690000000000
1478211266,690.840000000000,0.020000000000
1478211728,690.000000000000,0.070000000000
1478211728,690.010000000000,0.100000000000
1478211733,689.840000000000,0.100000000000
1478211741,688.930000000000,0.300000000000
1478211742,688.930000000000,2.180000000000
1478211750,688.140000000000,4.200000000000
1478211754,688.100000000000,1.758200000000
1478211754,688.140000000000,45.800000000000
1478211754,688.100000000000,0.057000000000
1478211762,688.100000000000,5.072000000000
1478211773,688.100000000000,3.900000000000
1478211774,688.100000000000,0.290000000000
1478211786,688.000000000000,1.000000000000
1478211786,688.100000000000,13.922800000000
1478211804,687.040000000000,0.300000000000
1478211881,688.120000000000,0.100000000000
1478211882,688.130000000000,5.900000000000
1478211882,688.140000000000,50.000000000000
1478211882,688.170000000000,7.160000000000
1478211889,688.270000000000,0.100000000000
1478211932,688.310000000000,0.100000000000
1478212441,688.290000000000,4.100000000000
1478212441,688.280000000000,0.100000000000
1478212558,687.790000000000,4.315000000000
1478212558,687.800000000000,2.182000000000
1478212558,687.780000000000,1.898000000000
1478212560,687.990000000000,1.780000000000
1478212646,688.660000000000,1.996000000000
1478213042,689.090000000000,4.000000000000
1478213051,689.090000000000,4.348000000000
1478213086,687.830000000000,4.326000000000
1478213091,687.260000000000,0.100000000000
1478213198,686.000000000000,4.381500000000
1478213205,686.000000000000,4.642400000000
1478213214,685.000000000000,1.002100000000
1478213214,684.790000000000,1.290600000000
1478213215,684.670000000000,25.000000000000
1478213234,681.330000000000,43.179200000000
1478213235,681.330000000000,6.820800000000
1478213235,681.270000000000,25.000000000000
1478213236,681.170000000000,0.100000000000
1478213240,681.900000000000,5.800000000000
1478213250,680.880000000000,0.100000000000
1478213263,678.680000000000,0.300000000000
1478213263,678.690000000000,5.520000000000
1478213264,677.880000000000,25.000000000000
1478213264,677.680000000000,1.000000000000
1478213278,677.400000000000,0.100000000000
1478213321,675.800000000000,7.194000000000
1478213347,676.890000000000,0.320000000000
1478213347,676.880000000000,0.100000000000
1478213347,676.840000000000,1.160000000000
1478213372,678.020000000000,0.990000000000
1478213372,678.020000000000,0.990000000000
1478213372,678.160000000000,0.100000000000
1478213525,680.680000000000,0.100000000000
1478213544,681.330000000000,50.000000000000
1478213550,682.050000000000,0.020000000000
1478213557,682.230000000000,0.364000000000
1478213579,682.570000000000,1.100000000000
1478213600,681.130000000000,4.367000000000
1478213706,681.330000000000,0.100000000000
1478213743,680.080000000000,6.880000000000
1478213763,679.830000000000,4.382000000000
1478213847,680.440000000000,0.019900000000
1478213855,679.590000000000,0.870000000000
1478213922,679.590000000000,0.020000000000
1478213922,679.590000000000,1.010000000000
1478214050,679.380000000000,1.220000000000
1478214052,679.370000000000,0.230000000000
1478214078,678.320000000000,4.401000000000
1478214083,678.220000000000,39.000000000000
1478214188,679.360000000000,2.317000000000
1478214235,680.900000000000,10.233500000000
1478214259,680.650000000000,1.414000000000
1478214309,681.770000000000,4.667000000000
1478214310,681.610000000000,1.729000000000
1478214318,681.890000000000,0.249300000000
1478214355,683.580000000000,2.000000000000
1478214355,683.720000000000,2.000000000000
1478214358,683.420000000000,3.000000000000
1478214358,683.410000000000,4.377000000000
1478214367,683.320000000000,6.583400000000
1478214373,683.770000000000,4.369000000000
1478214389,683.400000000000,10.000000000000
1478214522,683.910000000000,6.000000000000
1478214573,686.610000000000,1.800000000000
1478214615,688.140000000000,50.000000000000
1478214620,688.630000000000,0.020000000000
1478214666,689.010000000000,0.540000000000
1478214676,689.630000000000,1.310000000000
1478214682,689.620000000000,0.900000000000
1478214725,688.700000000000,1.320000000000
1478214728,688.700000000000,0.870000000000
1478214881,688.860000000000,1.200000000000
1478214915,688.860000000000,0.530000000000
1478214923,688.860000000000,0.235100000000
1478214965,688.230000000000,0.020000000000
1478215012,689.020000000000,4.326000000000
1478215013,688.760000000000,0.020000000000
1478215022,686.760000000000,2.347000000000
1478215082,689.580000000000,4.316000000000
1478215133,689.280000000000,2.500000000000
1478215233,689.640000000000,0.500000000000
1478215361,688.440000000000,4.329000000000
1478215618,689.000000000000,0.003800000000
1478215671,688.180000000000,4.345000000000
1478215742,688.150000000000,0.800000000000
1478215840,687.360000000000,1.000000000000
1478215841,687.360000000000,0.200000000000
1478215872,687.470000000000,1.526000000000
1478215886,687.470000000000,0.100000000000
1478215913,688.160000000000,1.000000000000
1478215989,689.050000000000,0.400000000000
1478215990,689.050000000000,4.324000000000
1478216752,690.000000000000,77.398000000000
1478216988,689.030000000000,1.103400000000
1478216988,688.920000000000,4.343600000000
1478217181,688.400000000000,1.500000000000
1478217484,689.280000000000,0.930000000000
1478217484,688.840000000000,1.470000000000
1478218344,688.840000000000,1.000000000000
1478218344,688.650000000000,1.142700000000
1478218359,687.410000000000,1.000000000000
1478218447,686.080000000000,1.000000000000
1478218557,685.030000000000,0.070000000000
1478218561,685.150000000000,0.070000000000
1478218564,685.150000000000,0.070000000000
1478218565,685.150000000000,0.070000000000
1478218568,685.140000000000,0.070000000000
1478218569,685.140000000000,0.070000000000
1478218571,685.140000000000,0.020000000000
1478218573,685.130000000000,0.020000000000
1478219008,688.440000000000,1.100000000000
1478219024,688.920000000000,1.398000000000
1478219025,688.440000000000,0.989000000000
1478219058,690.000000000000,4.800000000000
1478219061,690.000000000000,17.802000000000
1478219100,692.200000000000,0.090000000000
1478219229,694.150000000000,1.000000000000
1478219249,694.750000000000,1.550000000000
1478219255,695.020000000000,50.000000000000
1478219465,696.700000000000,0.090000000000
1478219513,696.110000000000,0.012000000000
1478219562,696.300000000000,0.012000000000
1478219587,697.020000000000,6.973000000000
1478219606,696.910000000000,0.012000000000
1478219750,698.000000000000,0.050000000000
1478219874,698.000000000000,0.950000000000
1478219937,698.180000000000,0.999000000000
1478220129,701.390000000000,1.600000000000
1478220129,701.420000000000,1.300000000000
1478220131,701.970000000000,1.400000000000
1478220139,701.970000000000,1.000000000000
1478220169,701.970000000000,3.500000000000
1478220289,701.970000000000,44.100000000000
1478220541,701.120000000000,0.022000000000
1478220940,699.940000000000,6.943000000000
1478220946,700.350000000000,1.402800000000
1478221376,700.190000000000,0.100000000000
1478221410,699.230000000000,2.500000000000
1478221426,699.230000000000,0.800000000000
1478221426,699.220000000000,1.700000000000
1478221442,699.240000000000,0.100000000000
1478221443,699.100000000000,2.400000000000
1478221460,699.110000000000,0.100000000000
1478221495,699.090000000000,0.100000000000
1478221495,699.070000000000,2.300000000000
1478221495,699.080000000000,0.100000000000
1478221501,699.120000000000,2.488700000000
1478221506,699.120000000000,0.100000000000
1478221511,699.110000000000,2.488700000000
1478221522,699.010000000000,2.388700000000
1478221522,699.120000000000,0.100000000000
1478221533,699.010000000000,0.011300000000
1478221544,699.010000000000,2.500000000000
1478221561,699.020000000000,0.100000000000
1478221562,699.000000000000,2.400000000000
1478221601,699.000000000000,2.488700000000
1478221738,700.040000000000,0.070000000000
1478221743,700.040000000000,0.030000000000
1478221743,700.050000000000,0.030000000000
1478221743,700.050000000000,0.940000000000
1478221845,699.380000000000,2.488700000000
1478221856,699.250000000000,2.488700000000
1478221867,699.350000000000,2.488700000000
1478221878,699.370000000000,0.011300000000
1478222032,698.890000000000,2.500000000000
1478222082,698.830000000000,2.463400000000
1478222089,699.060000000000,2.488700000000
1478222199,700.120000000000,1.990000000000
1478222202,700.160000000000,0.510000000000
1478222204,700.160000000000,0.490000000000
1478222206,700.160000000000,0.070000000000
1478222208,700.160000000000,0.070000000000
1478222595,700.640000000000,0.011000000000
1478222750,703.610000000000,0.200000000000
1478222866,703.570000000000,0.280000000000
1478222872,703.580000000000,0.280000000000
1478222989,703.610000000000,0.060000000000
1478223023,703.610000000000,0.707900000000
1478223914,703.500000000000,1.067000000000
1478224004,703.560000000000,0.900000000000
1478224353,703.570000000000,17.504200000000
1478224386,703.520000000000,0.099400000000
1478224426,703.510000000000,1.200000000000
1478224426,703.520000000000,0.264800000000
1478224535,702.260000000000,2.500000000000
1478224620,703.540000000000,0.999100000000
1478224778,702.990000000000,0.571100000000
1478224890,702.990000000000,0.042400000000
1478224928,702.830000000000,0.219400000000
1478225886,702.310000000000,0.686500000000
1478226559,702.660000000000,0.141000000000
1478226559,702.910000000000,0.141000000000
1478226560,702.660000000000,0.141000000000
1478226560,702.660000000000,0.141000000000
1478226561,702.660000000000,0.141000000000
1478227078,702.260000000000,0.333300000000
1478227078,702.260000000000,0.333300000000
1478227212,703.000000000000,5.000000000000
1478227212,703.380000000000,15.000000000000
1478227234,703.380000000000,20.000000000000
1478227605,702.100000000000,0.906800000000
1478227613,702.100000000000,10.000000000000
1478227632,702.100000000000,10.000000000000
1478227689,702.100000000000,4.000500000000
1478227691,702.100000000000,0.037600000000
1478227766,702.100000000000,0.055100000000
1478227766,702.620000000000,0.216800000000
1478227946,702.620000000000,20.000000000000
1478228150,702.100000000000,0.010900000000
1478228289,702.050000000000,49.770000000000
1478228496,701.460000000000,0.348400000000
1478228554,701.460000000000,0.020000000000
1478229349,701.470000000000,1.000000000000
1478229543,701.470000000000,0.141000000000
1478229543,701.470000000000,0.141000000000
1478229544,701.470000000000,0.141000000000
1478229544,701.470000000000,0.141000000000
1478229545,701.470000000000,0.141000000000
1478229637,701.470000000000,0.098700000000
1478230765,702.030000000000,0.010000000000
1478230900,702.640000000000,0.018800000000
1478231002,702.650000000000,5.000000000000
1478231033,702.830000000000,0.250700000000
1478231120,702.830000000000,0.129500000000
1478231303,702.830000000000,0.070300000000
1478232190,703.160000000000,0.019500000000
1478232292,703.160000000000,5.000000000000
1478233492,703.340000000000,0.118600000000
1478235115,702.000000000000,0.017500000000
1478235486,702.000000000000,0.070000000000
1478235813,702.000000000000,0.070000000000
1478235816,702.000000000000,0.040000000000
1478236193,701.590000000000,0.070000000000
1478236195,701.590000000000,0.870000000000
1478236198,701.360000000000,0.130000000000
1478236199,701.360000000000,0.070000000000
1478236201,701.360000000000,0.740000000000
1478236204,701.510000000000,0.260000000000
1478236205,701.510000000000,0.070000000000
1478236582,701.710000000000,0.070000000000
1478236990,701.480000000000,0.670000000000
1478236991,701.480000000000,0.330000000000
1478236993,701.480000000000,0.070000000000
1478236996,701.480000000000,0.540000000000
1478237000,701.550000000000,1.120000000000
1478237002,701.570000000000,0.340000000000
1478237005,701.570000000000,0.070000000000
1478237007,701.570000000000,0.070000000000
1478237107,701.930000000000,0.008900000000
1478237262,701.930000000000,3.100000000000
1478237266,701.970000000000,4.000000000000
1478237270,702.180000000000,2.000000000000
1478237558,702.200000000000,29.802500000000
1478237603,703.140000000000,0.070000000000
1478237606,703.140000000000,0.070000000000
1478237607,703.140000000000,3.480000000000
1478237610,703.360000000000,4.000000000000
1478237612,703.380000000000,1.000000000000
1478237614,703.380000000000,0.990000000000
1478237617,703.380000000000,0.010000000000
1478237619,703.380000000000,0.700000000000
1478237621,703.380000000000,0.300000000000
1478237622,703.380000000000,1.860000000000
1478237625,703.380000000000,0.140000000000
1478237628,703.380000000000,0.860000000000
1478237630,703.380000000000,0.140000000000
1478237632,703.390000000000,1.500000000000
1478237632,703.380000000000,1.000000000000
1478237633,703.390000000000,0.070000000000
1478237635,703.390000000000,0.500000000000
1478237637,703.460000000000,0.440000000000
1478237639,703.460000000000,0.370000000000
1478237642,703.460000000000,0.200000000000
1478237644,703.460000000000,0.890000000000
1478237646,703.400000000000,0.110000000000
1478237648,703.400000000000,0.070000000000
1478237649,703.400000000000,0.920000000000
1478237651,703.400000000000,0.020000000000
1478237653,703.400000000000,0.910000000000
1478237654,703.270000000000,0.090000000000
1478237656,703.270000000000,0.040000000000
1478237658,703.270000000000,1.000000000000
1478237660,703.370000000000,0.510000000000
1478237662,703.370000000000,0.490000000000
1478237664,703.370000000000,0.070000000000
1478237666,703.370000000000,1.000000000000
1478237670,703.390000000000,0.070000000000
1478237672,703.390000000000,0.200000000000
1478237673,703.390000000000,0.800000000000
1478237674,703.370000000000,1.000000000000
1478238016,703.330000000000,3.110000000000
1478238018,703.330000000000,4.230000000000
1478238021,703.340000000000,0.070000000000
1478238022,703.340000000000,5.520000000000
1478238025,703.300000000000,3.760000000000
1478238028,703.310000000000,0.030000000000
1478238031,703.310000000000,0.020000000000
1478238102,703.300000000000,0.070000000000
1478238102,703.300000000000,0.200000000000
1478238103,703.130000000000,0.800000000000
1478238785,703.500000000000,0.040000000000
1478238789,703.500000000000,0.070000000000
1478238935,702.880000000000,0.142000000000
1478238935,702.880000000000,0.142000000000
1478238935,702.880000000000,0.142000000000
1478238935,702.880000000000,9.000000000000
1478238935,702.880000000000,0.142000000000
1478238935,702.880000000000,0.142000000000
1478238936,702.850000000000,0.142000000000
1478238936,702.870000000000,0.142000000000
1478238936,702.870000000000,0.142000000000
1478238936,702.870000000000,0.142000000000
1478239341,703.320000000000,0.005000000000
1478239341,703.310000000000,0.995000000000
1478239345,703.320000000000,0.070000000000
1478239351,703.310000000000,0.070000000000
1478239574,702.200000000000,0.860000000000
1478239642,702.200000000000,0.143000000000
1478239643,702.200000000000,0.143000000000
1478239643,702.150000000000,0.300000000000
1478239643,702.200000000000,0.143000000000
1478239643,702.200000000000,0.143000000000
1478239643,702.200000000000,0.143000000000
1478239643,702.200000000000,0.143000000000
1478240006,702.190000000000,0.052200000000
1478240129,703.210000000000,0.070000000000
1478240132,703.210000000000,0.070000000000
1478240502,702.430000000000,0.070000000000
1478240504,702.430000000000,0.040000000000
1478240507,702.430000000000,0.070000000000
1478240509,702.430000000000,0.070000000000
1478240915,702.280000000000,0.070000000000
1478240918,702.270000000000,0.070000000000
1478240920,702.270000000000,0.050000000000
1478240922,702.260000000000,0.020000000000
1478241092,701.780000000000,0.145000000000
1478241092,701.780000000000,0.145000000000
1478241092,701.780000000000,0.145000000000
1478241092,701.780000000000,0.145000000000
1478241093,701.780000000000,0.145000000000
1478241115,701.000000000000,1.000000000000
1478241115,701.000000000000,1.000000000000
1478241115,701.000000000000,1.000000000000
1478241115,701.000000000000,1.000000000000
1478241115,701.000000000000,1.000000000000
1478241120,700.460000000000,0.875600000000
1478241122,700.530000000000,8.000000000000
1478241309,700.680000000000,0.070000000000
1478241312,700.680000000000,1.530000000000
1478241315,700.670000000000,1.030000000000
1478241320,700.680000000000,0.500000000000
1478241342,700.670000000000,0.070000000000
1478241421,699.690000000000,10.000000000000
1478241431,698.830000000000,0.880900000000
1478241438,698.790000000000,0.942100000000
1478241528,697.330000000000,0.147000000000
1478241528,697.330000000000,0.147000000000
1478241529,697.140000000000,0.147000000000
1478241529,697.140000000000,0.147000000000
1478241530,697.140000000000,0.147000000000
1478241546,696.590000000000,0.148000000000
1478241546,696.590000000000,0.148000000000
1478241647,696.020000000000,0.149000000000
1478241648,696.020000000000,0.151000000000
1478241648,696.020000000000,0.151000000000
1478241648,696.020000000000,0.149000000000
1478241648,696.020000000000,0.149000000000
1478241679,695.210000000000,0.500000000000
1478241685,695.420000000000,0.500000000000
1478241686,695.210000000000,0.500000000000
1478241689,695.100000000000,1.000000000000
1478241689,695.190000000000,0.151000000000
1478241689,695.190000000000,0.151000000000
1478241690,695.190000000000,0.153000000000
1478241690,695.190000000000,0.151000000000
1478241690,695.190000000000,0.153000000000
1478241691,695.020000000000,0.262700000000
1478241691,695.020000000000,49.737300000000
1478241692,694.900000000000,0.070000000000
1478241694,695.180000000000,1.000000000000
1478241703,695.180000000000,0.020000000000
1478241705,695.170000000000,0.153000000000
1478241706,695.170000000000,0.155000000000
1478241707,695.170000000000,0.153000000000
1478241743,694.900000000000,0.158000000000
1478241743,694.900000000000,0.155000000000
1478241743,694.900000000000,0.153000000000
1478241743,694.900000000000,1.000000000000
1478241744,694.900000000000,0.156000000000
1478241744,694.900000000000,0.156000000000
1478242066,695.450000000000,0.380000000000
1478242067,695.450000000000,0.120000000000
1478242071,695.450000000000,0.500000000000
1478242073,695.450000000000,0.070000000000
1478242074,695.450000000000,0.500000000000
1478242077,695.450000000000,1.940000000000
1478242078,695.400000000000,0.157000000000
1478242078,695.400000000000,0.158000000000
1478242078,695.400000000000,0.160000000000
1478242078,695.400000000000,2.200000000000
1478242079,695.400000000000,0.155000000000
1478242079,695.270000000000,0.570000000000
1478242079,695.400000000000,0.158000000000
1478242082,695.270000000000,1.440000000000
1478242085,695.370000000000,1.440000000000
1478242089,695.380000000000,0.070000000000
1478242091,695.380000000000,0.070000000000
1478242092,695.380000000000,0.070000000000
1478242096,695.380000000000,0.500000000000
1478242097,695.380000000000,0.070000000000
1478242100,695.380000000000,0.500000000000
1478242101,695.370000000000,0.162000000000
1478242101,695.370000000000,0.158000000000
1478242101,695.370000000000,0.570000000000
1478242101,695.370000000000,0.160000000000
1478242102,695.270000000000,1.070000000000
1478242102,695.370000000000,0.160000000000
1478242102,695.370000000000,0.160000000000
1478242103,694.680000000000,0.500000000000
1478242104,694.680000000000,0.070000000000
1478242105,694.680000000000,0.010000000000
1478242106,694.680000000000,0.500000000000
1478242109,694.670000000000,0.140000000000
1478242110,694.670000000000,0.070000000000
1478242111,694.670000000000,0.440000000000
1478242120,694.770000000000,2.900000000000
1478242120,694.760000000000,1.100000000000
1478242221,694.670000000000,0.070000000000
1478242221,694.670000000000,0.340000000000
1478242221,694.670000000000,0.160000000000
1478242221,694.670000000000,0.163000000000
1478242222,694.670000000000,0.163000000000
1478242222,694.670000000000,0.165000000000
1478242222,694.670000000000,0.162000000000
1478242497,694.960000000000,0.500000000000
1478242502,694.950000000000,0.840000000000
1478242506,694.950000000000,0.510000000000
1478242506,694.940000000000,0.510000000000
1478242508,694.930000000000,0.140000000000
1478242508,694.930000000000,0.510000000000
1478242510,694.920000000000,1.920000000000
1478242512,694.920000000000,0.580000000000
1478242515,694.910000000000,0.420000000000
1478242516,694.910000000000,0.950000000000
1478242518,694.910000000000,1.130000000000
1478242519,694.290000000000,0.165000000000
1478242519,694.290000000000,0.168000000000
1478242519,694.290000000000,0.165000000000
1478242519,694.290000000000,0.166000000000
1478242520,694.280000000000,2.000000000000
1478242520,694.290000000000,0.163000000000
1478242522,694.180000000000,0.770000000000
1478242524,694.180000000000,0.380000000000
1478242526,694.170000000000,1.130000000000
1478242528,694.170000000000,0.230000000000
1478242530,694.170000000000,1.220000000000
1478242531,694.160000000000,1.280000000000
1478242533,694.150000000000,0.180000000000
1478242535,694.150000000000,1.540000000000
1478242538,694.150000000000,0.280000000000
1478242541,694.140000000000,1.720000000000
1478242543,694.140000000000,0.280000000000
1478242544,694.140000000000,0.070000000000
1478242546,694.140000000000,1.350000000000
1478242548,694.130000000000,0.650000000000
1478242549,694.130000000000,0.070000000000
1478242551,694.130000000000,0.990000000000
1478242553,694.130000000000,0.280000000000
1478242557,694.170000000000,0.070000000000
1478242562,694.170000000000,0.070000000000
1478242564,694.170000000000,0.070000000000
1478242820,694.130000000000,0.070000000000
1478242820,694.130000000000,0.730000000000
1478242864,693.860000000000,0.250000000000
1478242999,692.690000000000,0.500000000000
1478243001,692.700000000000,0.500000000000
1478243005,692.690000000000,1.290000000000
1478243006,692.680000000000,0.500000000000
1478243006,692.670000000000,0.500000000000
1478243009,692.570000000000,1.210000000000
1478243011,692.450000000000,0.460000000000
1478243014,692.450000000000,0.860000000000
1478243016,692.440000000000,0.590000000000
1478243018,692.440000000000,0.100000000000
1478243020,692.440000000000,1.090000000000
1478243022,692.430000000000,1.090000000000
1478243025,692.430000000000,0.320000000000
1478243026,692.420000000000,1.020000000000
1478243028,692.420000000000,1.480000000000
1478243031,692.410000000000,1.470000000000
1478243034,692.400000000000,1.030000000000
1478243036,692.400000000000,0.950000000000
1478243037,692.400000000000,1.050000000000
1478243040,692.390000000000,0.400000000000
1478243045,692.400000000000,0.870000000000
1478243046,692.390000000000,1.230000000000
1478243048,692.390000000000,0.710000000000
1478243051,692.390000000000,1.110000000000
1478243053,692.370000000000,0.180000000000
1478243055,692.370000000000,1.160000000000
1478243064,692.450000000000,1.050000000000
1478243065,692.440000000000,1.450000000000
1478243065,692.380000000000,1.040000000000
1478243067,692.380000000000,0.960000000000
1478243069,692.380000000000,1.990000000000
1478243073,692.970000000000,0.720000000000
1478243074,692.970000000000,1.150000000000
1478243075,692.970000000000,0.630000000000
1478243079,692.980000000000,1.250000000000
1478243081,692.980000000000,0.750000000000
1478243083,692.980000000000,1.490000000000
1478243088,693.050000000000,0.870000000000
1478243090,693.040000000000,2.000000000000
1478243092,693.040000000000,0.460000000000
1478243093,692.980000000000,0.130000000000
1478243093,692.980000000000,0.270000000000
1478243093,692.970000000000,1.000000000000
1478243094,692.970000000000,0.180000000000
1478243096,693.040000000000,1.100000000000
1478243097,692.970000000000,0.570000000000
1478243097,693.040000000000,0.940000000000
1478243098,692.670000000000,0.070000000000
1478243101,692.670000000000,0.630000000000
1478243104,692.670000000000,1.500000000000
1478243106,692.660000000000,0.370000000000
1478243108,692.660000000000,2.500000000000
1478243110,692.660000000000,2.000000000000
1478243112,692.660000000000,0.070000000000
1478243113,692.660000000000,0.130000000000
1478243117,692.750000000000,0.640000000000
1478243118,692.750000000000,0.070000000000
1478243120,692.750000000000,0.500000000000
1478243124,692.780000000000,1.150000000000
1478243126,692.780000000000,0.860000000000
1478243130,692.750000000000,0.500000000000
1478243130,692.720000000000,0.230000000000
1478243132,692.720000000000,0.690000000000
1478243136,693.060000000000,0.500000000000
1478243140,693.060000000000,0.920000000000
1478243142,693.180000000000,1.080000000000
1478243143,692.760000000000,1.870000000000
1478243144,692.720000000000,1.090000000000
1478243145,692.710000000000,1.130000000000
1478243153,693.100000000000,0.620000000000
1478243155,693.100000000000,1.110000000000
1478243158,693.060000000000,0.280000000000
1478243164,693.060000000000,2.500000000000
1478243165,693.060000000000,1.290000000000
1478243167,693.060000000000,1.210000000000
1478243171,693.120000000000,0.060000000000
1478243172,693.120000000000,1.260000000000
1478243175,693.120000000000,1.180000000000
1478243176,693.120000000000,0.060000000000
1478243178,693.120000000000,1.240000000000
1478243180,693.120000000000,1.260000000000
1478243180,693.060000000000,1.900000000000
1478243181,693.060000000000,0.040000000000
1478243184,693.120000000000,0.660000000000
1478243184,693.180000000000,1.200000000000
1478243186,693.000000000000,0.140000000000
1478243187,693.000000000000,0.890000000000
1478243190,693.000000000000,1.210000000000
1478243191,692.960000000000,0.390000000000
1478243196,692.950000000000,1.220000000000
1478243198,692.950000000000,1.280000000000
1478243202,692.960000000000,1.760000000000
1478243205,693.160000000000,2.000000000000
1478243207,693.160000000000,0.550000000000
1478243210,693.130000000000,1.950000000000
1478243213,693.210000000000,0.680000000000
1478243214,693.210000000000,1.820000000000
1478243217,693.190000000000,1.940000000000
1478243219,693.130000000000,2.000000000000
1478243219,693.190000000000,0.560000000000
1478243221,693.180000000000,0.010000000000
1478243303,692.750000000000,10.000000000000
1478243303,692.950000000000,0.240000000000
1478243303,692.960000000000,0.070000000000
1478243304,692.660000000000,1.230000000000
1478243304,692.740000000000,1.660000000000
1478243304,692.740000000000,0.840000000000
1478243490,692.500000000000,0.820000000000
1478243519,692.750000000000,4.271900000000
1478243653,692.660000000000,0.100000000000
1478243657,692.660000000000,0.070000000000
1478243661,692.660000000000,0.100000000000
1478243664,692.660000000000,0.100000000000
1478243664,692.660000000000,0.070000000000
1478243665,692.660000000000,0.070000000000
1478243668,692.660000000000,0.050000000000
1478243670,692.660000000000,0.480000000000
1478243671,692.660000000000,4.520000000000
1478243676,692.990000000000,0.100000000000
1478243678,692.990000000000,0.990000000000
1478243680,692.990000000000,0.010000000000
1478243682,692.990000000000,0.100000000000
1478243684,692.990000000000,0.100000000000
1478243686,692.990000000000,0.100000000000
1478243688,692.990000000000,0.100000000000
1478243690,692.990000000000,0.100000000000
1478243692,692.990000000000,0.100000000000
1478243693,692.990000000000,0.100000000000
1478243696,692.990000000000,0.100000000000
1478243698,692.990000000000,0.100000000000
1478243700,692.990000000000,0.100000000000
1478243704,693.080000000000,0.100000000000
1478243705,693.080000000000,1.000000000000
1478243706,693.080000000000,0.100000000000
1478243709,693.080000000000,0.020000000000
1478243713,693.020000000000,0.040000000000
1478243714,693.020000000000,0.100000000000
1478243716,693.020000000000,0.070000000000
1478243718,693.020000000000,0.100000000000
1478243719,693.020000000000,0.100000000000
1478243721,693.020000000000,0.100000000000
1478243723,693.020000000000,0.100000000000
1478243724,693.020000000000,0.100000000000
1478243726,693.020000000000,0.100000000000
1478243729,693.020000000000,5.000000000000
1478243734,693.060000000000,0.100000000000
1478243736,692.990000000000,0.100000000000
1478243736,693.020000000000,0.100000000000
1478243736,693.020000000000,0.100000000000
1478243737,692.810000000000,0.100000000000
1478243740,693.120000000000,0.100000000000
1478243743,693.120000000000,0.100000000000
1478243744,693.120000000000,0.940000000000
1478243745,693.120000000000,1.020000000000
1478243749,693.290000000000,1.200000000000
1478243751,693.290000000000,0.580000000000
1478243752,693.290000000000,0.100000000000
1478243754,693.290000000000,0.100000000000
1478243756,693.150000000000,0.100000000000
1478243757,693.150000000000,0.100000000000
1478243762,693.150000000000,0.100000000000
1478243764,693.150000000000,0.100000000000
1478243765,693.150000000000,0.100000000000
1478243766,693.150000000000,0.100000000000
1478243768,693.150000000000,0.100000000000
1478243769,693.150000000000,0.100000000000
1478243771,693.150000000000,0.070000000000
1478243773,693.150000000000,0.100000000000
1478243775,693.150000000000,0.100000000000
1478243777,693.150000000000,1.000000000000
1478243779,693.170000000000,0.100000000000
1478243781,693.170000000000,0.100000000000
1478243782,693.170000000000,1.000000000000
1478243784,693.090000000000,0.100000000000
1478243786,693.090000000000,0.070000000000
1478243788,693.090000000000,0.100000000000
1478243789,693.090000000000,0.100000000000
1478244013,694.090000000000,0.014600000000
1478244207,694.830000000000,1.000000000000
1478244211,694.830000000000,1.000000000000
1478244212,694.770000000000,1.000000000000
1478244213,694.750000000000,3.500000000000
1478244218,694.800000000000,0.070000000000
1478244222,694.800000000000,0.070000000000
1478244223,694.800000000000,0.070000000000
1478244228,695.180000000000,0.070000000000
1478244512,696.190000000000,10.000000000000
1478244512,696.320000000000,1.119100000000
1478244715,698.260000000000,4.280000000000
1478244715,698.240000000000,6.500000000000
1478244715,698.270000000000,0.900000000000
1478244715,698.230000000000,1.147000000000
1478244877,698.300000000000,0.174900000000
1478244884,698.300000000000,0.070000000000
1478244887,698.300000000000,0.810000000000
1478244891,698.330000000000,0.190000000000
1478244894,698.330000000000,0.070000000000
1478244897,698.330000000000,0.070000000000
1478244898,698.330000000000,1.000000000000
1478244900,698.330000000000,0.070000000000
1478244904,698.330000000000,0.580000000000
1478244907,698.390000000000,0.420000000000
1478244909,698.390000000000,0.500000000000
1478244912,698.390000000000,0.410000000000
1478244913,698.320000000000,0.590000000000
1478244915,698.320000000000,0.070000000000
1478244917,698.320000000000,1.000000000000
1478244920,698.440000000000,0.230000000000
1478244922,698.440000000000,0.770000000000
1478244924,698.440000000000,4.470000000000
1478244926,698.390000000000,5.000000000000
1478244928,698.340000000000,2.310000000000
1478244929,698.400000000000,15.330000000000
1478244931,698.320000000000,2.960000000000
1478244933,698.550000000000,5.520000000000
1478244938,698.700000000000,1.070000000000
1478244940,698.700000000000,2.320000000000
1478244944,698.760000000000,3.500000000000
1478244945,698.700000000000,5.580000000000
1478244945,698.550000000000,1.950000000000
1478244947,698.550000000000,0.860000000000
1478244950,698.550000000000,0.070000000000
1478244953,698.550000000000,0.140000000000
1478244954,698.550000000000,0.860000000000
1478244957,698.690000000000,0.530000000000
1478244959,698.690000000000,0.820000000000
1478244966,698.720000000000,0.500000000000
1478244967,698.720000000000,1.500000000000
1478244967,698.690000000000,0.180000000000
1478244971,698.620000000000,0.370000000000
1478244972,698.620000000000,0.630000000000
1478244974,699.330000000000,1.000000000000
1478244976,698.630000000000,0.070000000000
1478244980,698.630000000000,0.350000000000
1478244984,698.990000000000,0.640000000000
1478244986,698.990000000000,0.360000000000
1478244988,698.990000000000,0.500000000000
1478244990,698.990000000000,0.070000000000
1478244991,698.990000000000,0.440000000000
1478244998,699.350000000000,0.020000000000
1478245000,699.350000000000,0.020000000000
1478245002,699.350000000000,0.020000000000
1478245004,699.350000000000,0.020000000000
1478245006,699.350000000000,0.560000000000
1478245008,699.350000000000,0.850000000000
1478245013,699.390000000000,0.810000000000
1478245014,699.390000000000,0.190000000000
1478245016,699.390000000000,0.940000000000
1478245018,699.390000000000,0.750000000000
1478245019,699.390000000000,3.310000000000
1478245020,699.350000000000,0.150000000000
1478245022,699.340000000000,1.680000000000
1478245032,699.400000000000,0.770000000000
1478245041,699.340000000000,1.050000000000
1478245041,698.910000000000,0.570000000000
1478245041,698.630000000000,0.650000000000
1478245041,698.910000000000,0.370000000000
1478245041,698.810000000000,4.271000000000
1478245042,698.540000000000,0.140000000000
1478245042,698.550000000000,0.470000000000
1478245439,700.400000000000,0.070000000000
1478246192,700.310000000000,1.000000000000
1478246196,700.610000000000,0.060000000000
1478246198,700.610000000000,0.590000000000
1478246198,700.950000000000,0.400000000000
1478246200,700.950000000000,0.989300000000
1478246203,700.960000000000,1.400000000000
1478246205,700.960000000000,0.250000000000
1478246206,700.960000000000,0.650000000000
1478246208,700.960000000000,0.100000000000
1478246209,700.970000000000,0.250000000000
1478246210,700.970000000000,0.350000000000
1478246212,700.970000000000,1.300000000000
1478246214,700.970000000000,0.620000000000
1478246216,700.990000000000,0.520000000000
1478246219,700.990000000000,0.452100000000
1478246220,701.110000000000,0.864000000000
1478246220,701.120000000000,0.683900000000
1478246221,700.980000000000,0.760000000000
1478246225,700.950000000000,0.370700000000
1478246225,701.120000000000,0.690000000000
1478246226,700.950000000000,0.090000000000
1478246229,700.950000000000,0.680000000000
1478246231,700.950000000000,0.670000000000
1478246233,700.310000000000,1.940000000000
1478246234,700.150000000000,0.070000000000
1478246236,700.150000000000,0.010000000000
1478246237,700.150000000000,0.040000000000
1478246240,700.150000000000,0.070000000000
1478246243,700.150000000000,1.750000000000
1478246244,700.220000000000,0.750000000000
1478246247,700.220000000000,1.020000000000
1478246250,700.230000000000,1.000000000000
1478246251,700.230000000000,0.050000000000
1478246254,700.230000000000,0.950000000000
1478246258,700.270000000000,0.100000000000
1478246259,700.270000000000,2.160000000000
1478246261,700.380000000000,0.600000000000
1478246264,700.380000000000,0.100000000000
1478246266,700.380000000000,1.800000000000
1478246270,700.420000000000,0.270000000000
1478246272,700.420000000000,2.190000000000
1478246273,700.380000000000,1.730000000000
1478246273,700.270000000000,0.110000000000
1478246274,700.270000000000,1.280000000000
1478246278,700.350000000000,0.690000000000
1478246280,700.350000000000,1.000000000000
1478246284,700.400000000000,0.070000000000
1478246287,700.400000000000,0.690000000000
1478246288,700.400000000000,0.330000000000
1478246288,700.350000000000,0.070000000000
1478246290,700.300000000000,1.670000000000
1478246291,700.270000000000,0.150000000000
1478246291,700.230000000000,0.020000000000
1478246293,700.230000000000,0.690000000000
1478246294,700.230000000000,0.130000000000
1478246296,700.230000000000,0.110000000000
1478246297,700.230000000000,1.000000000000
1478246299,700.350000000000,0.070000000000
1478246301,700.350000000000,0.830000000000
1478246308,700.380000000000,0.550000000000
1478246309,700.380000000000,0.600000000000
1478246311,700.380000000000,1.240000000000
1478246315,700.470000000000,0.430000000000
1478246316,700.470000000000,0.820000000000
1478246319,700.760000000000,0.140000000000
1478246320,700.760000000000,0.260000000000
1478246323,700.760000000000,0.950000000000
1478246325,700.730000000000,0.920000000000
1478246327,700.730000000000,1.740000000000
1478246328,700.890000000000,0.702000000000
1478246329,700.890000000000,1.170000000000
1478246330,700.760000000000,1.150000000000
1478246332,700.760000000000,1.080000000000
1478246334,700.810000000000,2.850000000000
1478246335,700.920000000000,0.983300000000
1478246337,700.920000000000,1.690000000000
1478246339,700.870000000000,1.910000000000
1478246344,701.040000000000,4.840000000000
1478246353,701.100000000000,1.170000000000
1478246385,701.970000000000,50.000000000000
1478246692,702.800000000000,0.963000000000
1478246948,704.210000000000,0.868100000000
1478247830,705.230000000000,0.500000000000
1478247834,705.390000000000,0.010000000000
1478247835,705.390000000000,0.050000000000
1478247837,705.370000000000,4.070000000000
1478247839,705.370000000000,0.160000000000
1478247841,705.390000000000,5.780000000000
1478247844,705.500000000000,0.750000000000
1478247846,705.500000000000,0.990000000000
1478247848,705.500000000000,0.210000000000
1478247851,705.500000000000,1.070000000000
1478247853,705.710000000000,0.100000000000
1478247853,705.710000000000,1.120000000000
1478247854,705.700000000000,0.100000000000
1478247857,705.700000000000,0.900000000000
1478247859,705.700000000000,0.100000000000
1478247862,705.710000000000,1.000000000000
1478247866,705.840000000000,0.230000000000
1478247868,705.840000000000,0.660000000000
1478247871,705.840000000000,0.340000000000
1478247873,705.830000000000,0.010000000000
1478247875,705.830000000000,0.650000000000
1478247880,705.840000000000,1.000000000000
1478247880,705.830000000000,1.000000000000
1478247883,705.650000000000,0.050000000000
1478247885,705.650000000000,0.070000000000
1478247886,705.650000000000,0.070000000000
1478247887,705.650000000000,1.000000000000
1478247890,705.650000000000,1.340000000000
1478247894,705.830000000000,0.360000000000
1478247896,705.830000000000,1.000000000000
1478247898,705.820000000000,1.700000000000
1478247900,705.820000000000,2.531000000000
1478247901,705.830000000000,0.249000000000
1478247902,705.830000000000,4.700000000000
1478247905,705.790000000000,1.020000000000
1478247907,705.790000000000,0.770000000000
1478247909,705.790000000000,0.670000000000
1478247909,705.650000000000,0.640000000000
1478247911,705.620000000000,8.360000000000
1478247913,705.500000000000,0.020000000000
1478247916,705.500000000000,1.010000000000
1478247918,705.500000000000,1.430000000000
1478247922,705.560000000000,0.600000000000
1478247924,705.560000000000,0.090000000000
1478247927,705.560000000000,2.600000000000
1478247930,705.530000000000,0.150000000000
1478247931,705.530000000000,5.000000000000
1478247932,705.500000000000,0.560000000000
1478247933,705.450000000000,0.070000000000
1478247935,705.450000000000,0.830000000000
1478247937,705.450000000000,1.020000000000
1478247939,705.440000000000,0.140000000000
1478247941,705.440000000000,0.350000000000
1478247942,705.440000000000,1.370000000000
1478247944,705.440000000000,0.290000000000
1478247947,705.450000000000,0.070000000000
1478247948,705.450000000000,0.960000000000
1478247951,705.450000000000,0.420000000000
1478247953,705.450000000000,0.040000000000
1478247954,705.450000000000,0.070000000000
1478247956,705.450000000000,0.050000000000
1478247958,705.450000000000,0.060000000000
1478247960,705.450000000000,0.500000000000
1478247964,705.730000000000,0.050000000000
1478247966,705.730000000000,0.070000000000
1478247968,705.760000000000,0.551500000000
1478247968,705.730000000000,1.068500000000
1478247969,705.720000000000,0.380000000000
1478247972,705.720000000000,0.284500000000
1478247974,705.770000000000,1.880000000000
1478247975,705.720000000000,0.335500000000
1478247976,705.570000000000,0.060000000000
1478247978,705.570000000000,1.940000000000
1478247979,705.450000000000,0.070000000000
1478247982,705.440000000000,0.060000000000
1478247985,705.440000000000,1.140000000000
1478247987,705.440000000000,1.360000000000
1478247987,705.380000000000,6.400000000000
1478247987,705.370000000000,2.800000000000
1478247992,705.520000000000,0.570000000000
1478247994,705.520000000000,1.700000000000
1478247997,705.520000000000,0.230000000000
1478247999,705.520000000000,0.070000000000
1478248001,705.520000000000,0.070000000000
1478248003,705.520000000000,0.960000000000
1478248005,705.520000000000,1.040000000000
1478248010,705.520000000000,0.050000000000
1478248010,705.540000000000,2.000000000000
1478248013,705.440000000000,0.630000000000
1478248013,705.510000000000,0.500000000000
1478248015,705.350000000000,1.500000000000
1478248015,705.340000000000,1.370000000000
1478248017,705.310000000000,1.000000000000
1478248601,705.230000000000,0.010000000000
1478248796,705.350000000000,0.800000000000
1478248799,705.350000000000,2.920000000000
1478248801,705.450000000000,0.270000000000
1478248806,705.500000000000,2.130000000000
1478248810,705.510000000000,1.850000000000
1478248813,705.580000000000,0.950000000000
1478248815,705.580000000000,1.380000000000
1478248817,705.540000000000,1.000000000000
1478248819,705.540000000000,1.240000000000
1478248821,705.530000000000,0.100000000000
1478248823,705.620000000000,1.000000000000
1478248825,705.620000000000,2.480000000000
1478248828,705.660000000000,3.350000000000
1478248832,705.570000000000,0.600000000000
1478248834,705.570000000000,0.220000000000
1478248836,705.570000000000,2.500000000000
1478248838,705.650000000000,0.210000000000
1478248841,705.650000000000,0.790000000000
1478248844,705.870000000000,0.210000000000
1478248846,705.870000000000,2.000000000000
1478248848,705.840000000000,0.660000000000
1478248850,705.840000000000,0.010000000000
1478248852,705.840000000000,0.640000000000
1478248854,705.840000000000,1.080000000000
1478248857,705.970000000000,0.790000000000
1478248859,705.960000000000,0.070000000000
1478248862,705.960000000000,1.040000000000
1478248864,705.950000000000,0.640000000000
1478248866,705.950000000000,0.446900000000
1478248866,705.960000000000,1.323100000000
1478248868,705.840000000000,1.000000000000
1478248870,705.970000000000,2.500000000000
1478248872,706.130000000000,2.000000000000
1478248875,706.000000000000,2.710000000000
1478248878,706.150000000000,0.650000000000
1478248880,706.150000000000,1.350000000000
1478248882,706.150000000000,1.620000000000
1478248888,706.170000000000,1.000000000000
1478248888,706.170000000000,0.120000000000
1478248889,706.170000000000,0.740000000000
1478248890,706.150000000000,0.880000000000
1478248892,706.100000000000,1.000000000000
1478248896,706.210000000000,1.000000000000
1478248898,706.170000000000,1.390000000000
1478248899,706.170000000000,1.420000000000
1478248902,706.100000000000,1.000000000000
1478248906,706.210000000000,0.170000000000
1478248908,706.210000000000,1.230000000000
1478248910,706.240000000000,0.200000000000
1478248910,706.230000000000,0.900000000000
1478248911,706.240000000000,1.000000000000
1478248914,706.250000000000,0.200000000000
1478248915,706.250000000000,1.000000000000
1478248918,706.250000000000,0.800000000000
1478248919,706.190000000000,0.690000000000
1478248921,706.190000000000,1.010000000000
1478248925,706.290000000000,0.810000000000
1478248927,706.290000000000,1.000000000000
1478248929,706.290000000000,0.690000000000
1478248929,706.190000000000,0.800000000000
1478248930,706.100000000000,0.830000000000
1478248931,706.150000000000,0.010000000000
1478248934,706.150000000000,0.840000000000
1478248937,706.150000000000,0.800000000000
1478248939,706.070000000000,1.000000000000
1478248939,706.150000000000,0.870000000000
1478248939,706.000000000000,1.850000000000
1478248939,706.010000000000,4.220000000000
1478248941,706.050000000000,0.800000000000
1478248944,706.050000000000,1.000000000000
1478248946,706.180000000000,0.200000000000
1478248948,706.180000000000,0.800000000000
1478248950,706.180000000000,1.700000000000
1478248952,706.150000000000,1.000000000000
1478248954,706.150000000000,0.300000000000
1478248959,706.290000000000,1.200000000000
1478248961,706.290000000000,1.300000000000
1478248963,706.220000000000,1.000000000000
1478248967,706.260000000000,1.000000000000
1478248970,706.390000000000,1.310000000000
1478248973,706.390000000000,1.040000000000
1478248973,706.260000000000,1.000000000000
1478248974,706.220000000000,0.200000000000
1478248975,706.200000000000,0.010000000000
1478248977,706.200000000000,0.140000000000
1478248980,706.200000000000,1.140000000000
1478248980,706.150000000000,1.000000000000
1478248982,706.150000000000,1.360000000000
1478248987,706.220000000000,0.370000000000
1478248990,706.220000000000,1.000000000000
1478248992,706.180000000000,0.630000000000
1478248995,706.180000000000,0.370000000000
1478248999,706.180000000000,1.000000000000
1478249002,706.220000000000,1.130000000000
1478249007,706.300000000000,0.350000000000
1478249010,706.300000000000,0.070000000000
1478249014,706.300000000000,0.700000000000
1478249017,706.370000000000,1.190000000000
1478249019,706.370000000000,0.610000000000
1478249021,706.370000000000,0.820000000000
1478249023,706.320000000000,1.260000000000
1478249026,706.320000000000,0.420000000000
1478249028,706.320000000000,0.070000000000
1478249030,706.320000000000,0.070000000000
1478249033,706.320000000000,0.070000000000
1478249034,706.320000000000,0.070000000000
1478249036,706.320000000000,0.070000000000
1478249038,706.320000000000,1.070000000000
1478249039,706.220000000000,1.650000000000
1478249041,706.240000000000,1.080000000000
1478249042,706.240000000000,1.080000000000
1478249044,706.330000000000,1.100000000000
1478249044,706.150000000000,0.070000000000
1478249046,706.120000000000,1.320000000000
1478249050,706.330000000000,0.070000000000
1478249224,706.120000000000,1.360000000000
1478249288,705.960000000000,1.500000000000
1478249557,706.220000000000,0.036400000000
1478249778,707.120000000000,3.999400000000
1478249972,707.990000000000,0.070000000000
1478249975,707.990000000000,0.670000000000
1478249977,707.990000000000,1.370000000000
1478249979,707.990000000000,0.470000000000
1478249982,707.990000000000,0.070000000000
1478249984,707.990000000000,0.070000000000
1478249986,707.990000000000,0.050000000000
1478249991,708.000000000000,0.070000000000
1478249996,708.000000000000,0.070000000000
1478249997,708.000000000000,0.070000000000
1478249998,708.000000000000,0.070000000000
1478249999,708.320000000000,0.710000000000
1478249999,708.000000000000,0.720000000000
1478250001,708.320000000000,0.570000000000
1478250003,708.390000000000,0.650000000000
1478250005,708.390000000000,0.430000000000
1478250008,708.690000000000,1.000000000000
1478250010,708.720000000000,0.420000000000
1478250013,708.720000000000,0.580000000000
1478250015,708.720000000000,1.000000000000
1478250017,708.620000000000,0.420000000000
1478250019,708.620000000000,0.580000000000
1478250021,708.620000000000,1.000000000000
1478250024,708.030000000000,0.920000000000
1478250027,708.030000000000,0.080000000000
1478250029,708.030000000000,1.000000000000
1478250031,708.090000000000,0.920000000000
1478250033,708.090000000000,2.270000000000
1478250036,708.280000000000,0.230000000000
1478250038,708.280000000000,0.940000000000
1478250040,708.280000000000,1.060000000000
1478250045,708.310000000000,0.810000000000
1478250050,708.310000000000,0.310000000000
1478250050,708.280000000000,0.190000000000
1478250052,708.180000000000,0.880000000000
1478250055,708.180000000000,2.230000000000
1478250057,708.300000000000,1.370000000000
1478250060,708.300000000000,2.000000000000
1478250062,708.270000000000,2.000000000000
1478250064,708.270000000000,0.700000000000
1478250066,708.270000000000,1.300000000000
1478250069,708.190000000000,0.030000000000
1478250071,708.190000000000,0.070000000000
1478250074,708.190000000000,0.070000000000
1478250076,708.190000000000,0.070000000000
1478250523,708.440000000000,38.839200000000
1478250524,708.440000000000,11.160800000000
1478250741,707.990000000000,0.070000000000
1478251217,706.910000000000,1.000000000000
1478251217,706.900000000000,1.000000000000
1478251217,706.560000000000,0.920000000000
1478251226,707.280000000000,0.070000000000
1478251228,707.270000000000,0.070000000000
1478251229,707.270000000000,0.320000000000
1478251232,707.270000000000,0.510000000000
1478251233,707.280000000000,0.170000000000
1478251236,707.280000000000,1.000000000000
1478251240,707.360000000000,1.000000000000
1478251240,707.290000000000,1.000000000000
1478251241,707.370000000000,1.670000000000
1478251242,707.360000000000,0.710000000000
1478251244,707.360000000000,1.260000000000
1478251250,707.690000000000,1.000000000000
1478251251,708.020000000000,0.200000000000
1478251253,707.360000000000,1.240000000000
1478251253,707.370000000000,1.230000000000
1478251253,707.430000000000,1.140000000000
1478251258,707.280000000000,1.900000000000
1478251262,707.430000000000,1.000000000000
1478251264,707.430000000000,0.660000000000
1478251267,707.300000000000,0.300000000000
1478251269,707.300000000000,1.290000000000
1478251276,707.980000000000,0.220200000000
1478251276,707.970000000000,0.919800000000
1478251278,707.970000000000,0.640000000000
1478251279,707.800000000000,1.440000000000
1478251281,707.340000000000,1.870000000000
1478251286,707.360000000000,1.050000000000
1478251288,707.360000000000,1.350000000000
1478251289,707.300000000000,0.910000000000
1478251289,707.340000000000,2.210000000000
1478251290,707.340000000000,0.210000000000
1478251293,707.340000000000,1.110000000000
1478251296,707.360000000000,1.160000000000
1478251299,707.360000000000,1.780000000000
1478251302,707.480000000000,1.030000000000
1478251304,707.440000000000,0.910000000000
1478251307,707.440000000000,1.110000000000
1478251309,707.440000000000,0.480000000000
1478251311,707.470000000000,1.580000000000
1478251313,707.470000000000,1.460000000000
1478251317,707.520000000000,1.900000000000
1478251319,707.520000000000,1.290000000000
1478251322,707.520000000000,1.470000000000
1478251325,707.520000000000,1.210000000000
1478251327,707.380000000000,0.770000000000
1478251330,707.380000000000,1.000000000000
1478251334,707.590000000000,1.000000000000
1478251336,707.590000000000,1.180000000000
1478251339,707.610000000000,1.000000000000
1478251342,707.610000000000,1.060000000000
1478251344,707.530000000000,0.360000000000
1478251346,707.530000000000,0.070000000000
1478251349,707.530000000000,0.010000000000
1478251351,707.530000000000,1.180000000000
1478251354,707.530000000000,1.130000000000
1478251356,707.420000000000,0.180000000000
1478251359,707.550000000000,0.070000000000
1478251361,707.550000000000,0.500000000000
1478251363,707.410000000000,0.070000000000
1478251365,707.410000000000,0.580000000000
1478251367,707.410000000000,0.416000000000
1478251369,707.550000000000,0.070000000000
1478251371,707.550000000000,0.070000000000
1478251372,707.540000000000,0.070000000000
1478252314,707.560000000000,0.070000000000
1478252320,707.560000000000,0.070000000000
1478252389,707.380000000000,0.070000000000
1478252389,707.410000000000,0.004000000000
1478252855,707.820000000000,20.000000000000
1478253088,707.280000000000,0.070000000000
1478253089,707.280000000000,0.070000000000
1478253091,707.280000000000,0.860000000000
1478253092,707.280000000000,1.140000000000
1478253093,707.280000000000,0.870000000000
1478253095,707.350000000000,0.130000000000
1478253187,707.270000000000,0.070000000000
1478253335,706.400000000000,1.030000000000
1478253335,706.700000000000,1.000000000000
1478253432,706.700000000000,7.970000000000
1478253492,706.360000000000,0.040000000000
1478253494,705.970000000000,0.020000000000
1478253497,706.360000000000,0.032000000000
1478253497,705.970000000000,0.948000000000
1478253499,706.350000000000,0.950000000000
1478253500,706.360000000000,0.050000000000
1478253502,706.360000000000,0.520000000000
1478253504,706.360000000000,0.358000000000
1478253505,706.510000000000,0.382000000000
1478253507,706.520000000000,1.740000000000
1478253509,706.520000000000,0.020000000000
1478253511,706.790000000000,1.020000000000
1478253512,706.880000000000,0.420000000000
1478253514,706.880000000000,0.509000000000
1478253515,706.890000000000,0.551000000000
1478253517,706.890000000000,0.370000000000
1478253519,706.890000000000,1.000000000000
1478253522,706.990000000000,0.410000000000
1478253525,707.000000000000,1.410000000000
1478253526,706.930000000000,0.680000000000
1478253528,706.930000000000,2.500000000000
1478253529,706.880000000000,0.070000000000
1478253529,706.890000000000,1.130000000000
1478254256,707.640000000000,0.070000000000
1478254261,707.640000000000,0.870000000000
1478254263,707.640000000000,1.630000000000
1478254265,707.640000000000,0.540000000000
1478254268,707.640000000000,0.780000000000
1478254276,707.650000000000,0.970000000000
1478254276,707.620000000000,1.180000000000
1478254276,707.620000000000,0.070000000000
1478254276,707.640000000000,1.590000000000
1478254276,707.620000000000,0.920000000000
1478254277,707.580000000000,1.530000000000
1478254279,707.750000000000,1.160000000000
1478254282,707.660000000000,1.340000000000
1478254283,707.660000000000,0.410000000000
1478254285,707.590000000000,2.090000000000
1478254291,707.730000000000,0.050000000000
1478254293,707.730000000000,1.560000000000
1478254294,707.730000000000,0.940000000000
1478254296,707.730000000000,1.570000000000
1478254301,707.730000000000,0.070000000000
1478254308,707.950000000000,0.010000000000
1478254355,707.640000000000,0.630000000000
1478254355,707.620000000000,1.080000000000
1478254355,707.620000000000,1.420000000000
1478254355,707.660000000000,1.200000000000
1478254355,707.650000000000,2.280000000000
1478254355,707.640000000000,1.030000000000
1478254355,707.650000000000,2.490000000000
1478254356,707.620000000000,1.490000000000
1478254356,707.590000000000,2.450000000000
1478254356,707.590000000000,0.070000000000
1478254356,707.610000000000,1.156400000000
1478254367,708.190000000000,1.250000000000
1478254373,708.190000000000,0.570000000000
1478254373,708.180000000000,0.290000000000
1478254381,708.910000000000,0.920000000000
1478254383,708.910000000000,0.750000000000
1478254418,708.190000000000,2.140000000000
1478254730,707.950000000000,0.450000000000
1478254730,707.950000000000,1.790000000000
1478254730,707.950000000000,2.000000000000
1478254730,707.950000000000,0.210000000000
1478254730,707.950000000000,2.050000000000
1478254731,707.950000000000,1.420000000000
1478254731,707.950000000000,0.580000000000
1478254876,708.590000000000,0.200000000000
1478254877,708.590000000000,0.200000000000
1478254880,708.590000000000,0.200000000000
1478254882,708.590000000000,0.200000000000
1478254885,708.590000000000,0.200000000000
1478254887,708.590000000000,0.200000000000
1478254888,708.590000000000,0.200000000000
1478254890,708.590000000000,0.200000000000
1478254891,708.590000000000,0.200000000000
1478254893,708.590000000000,0.200000000000
1478254895,708.590000000000,0.200000000000
1478254897,708.590000000000,0.200000000000
1478254899,708.590000000000,0.200000000000
1478254900,708.590000000000,0.200000000000
1478254902,708.590000000000,0.200000000000
1478254904,707.890000000000,0.200000000000
1478254906,707.890000000000,0.200000000000
1478254909,707.890000000000,0.200000000000
1478254911,707.890000000000,0.230000000000
1478254914,708.590000000000,0.070000000000
1478254918,708.590000000000,0.070000000000
1478254921,708.590000000000,0.040000000000
1478254922,708.580000000000,0.050000000000
1478254939,708.000000000000,5.037000000000
1478255058,707.890000000000,0.070000000000
1478255058,707.890000000000,0.070000000000
1478255287,708.370000000000,1.200000000000
1478255287,708.370000000000,0.046500000000
1478255527,708.590000000000,1.370000000000
1478255529,708.590000000000,1.630000000000
1478255531,708.590000000000,2.280000000000
1478255533,708.590000000000,0.260000000000
1478255535,708.590000000000,0.470000000000
1478255536,708.590000000000,0.070000000000
1478255539,708.590000000000,0.070000000000
1478255540,708.590000000000,2.410000000000
1478255542,708.590000000000,0.090000000000
1478255545,708.590000000000,0.070000000000
1478255547,708.590000000000,0.020000000000
1478255549,708.590000000000,0.070000000000
1478255551,708.590000000000,2.500000000000
1478255553,708.590000000000,0.070000000000
1478255555,708.590000000000,0.070000000000
1478255557,708.590000000000,1.030000000000
1478255558,708.590000000000,1.470000000000
1478255561,708.590000000000,0.070000000000
1478255562,708.590000000000,0.060000000000
1478255564,708.590000000000,2.940000000000
1478255566,708.590000000000,0.410000000000
1478255568,708.590000000000,1.120000000000
1478255571,708.590000000000,1.480000000000
1478255572,708.590000000000,0.570000000000
1478255574,708.990000000000,1.710000000000
1478255574,708.590000000000,0.220000000000
1478255576,708.990000000000,1.000000000000
1478255578,708.990000000000,0.080000000000
1478255579,708.990000000000,1.920000000000
1478255582,708.990000000000,0.050000000000
1478255585,708.990000000000,0.060000000000
1478255587,708.990000000000,0.070000000000
1478256259,708.250000000000,0.070000000000
1478256260,708.250000000000,0.070000000000
1478256263,708.250000000000,0.500000000000
1478256831,708.750000000000,0.070000000000
1478256832,708.750000000000,0.070000000000
1478256834,708.750000000000,0.070000000000
1478256835,708.750000000000,0.040000000000
1478256838,708.750000000000,0.070000000000
1478257760,708.780000000000,0.050000000000
1478257762,708.780000000000,0.070000000000
1478257764,708.780000000000,0.070000000000
1478257766,708.780000000000,0.070000000000
1478257769,708.780000000000,0.010000000000
1478257771,708.780000000000,0.010000000000
1478257772,708.780000000000,0.070000000000
1478257775,708.780000000000,0.070000000000
1478258254,708.910000000000,0.070000000000
1478258256,708.910000000000,1.870000000000
1478258259,708.910000000000,1.000000000000
1478258262,708.870000000000,0.130000000000
1478258263,708.870000000000,1.440000000000
1478258267,708.870000000000,1.560000000000
1478258270,708.900000000000,1.360000000000
1478258275,708.910000000000,0.680000000000
1478258277,708.910000000000,2.320000000000
1478258278,708.900000000000,1.200000000000
1478258280,708.900000000000,1.020000000000
1478258281,708.870000000000,0.440000000000
1478258282,708.840000000000,1.980000000000
1478258284,708.890000000000,0.690000000000
1478258285,708.830000000000,0.760000000000
1478258287,708.830000000000,1.560000000000
1478258290,708.830000000000,2.000000000000
1478258293,708.830000000000,0.920000000000
1478258295,708.830000000000,0.600000000000
1478258297,708.890000000000,1.000000000000
1478258300,708.870000000000,0.480000000000
1478258302,708.870000000000,0.520000000000
1478258304,708.870000000000,1.000000000000
1478258307,708.930000000000,0.070000000000
1478258310,708.930000000000,1.230000000000
1478258310,708.920000000000,0.400000000000
1478258312,708.930000000000,1.370000000000
1478258312,708.870000000000,1.480000000000
1478258313,708.810000000000,2.980000000000
1478258318,708.910000000000,0.990000000000
1478258319,708.810000000000,0.020000000000
1478258319,708.910000000000,2.010000000000
1478258321,708.800000000000,0.010000000000
1478258322,708.800000000000,0.030000000000
1478258324,708.800000000000,0.030000000000
1478258735,708.990000000000,0.070000000000
1478258736,708.990000000000,0.070000000000
1478258740,708.990000000000,0.070000000000
1478258743,708.990000000000,0.070000000000
1478258744,708.990000000000,0.070000000000
1478258745,708.990000000000,0.070000000000
1478258746,708.990000000000,0.070000000000
1478258747,708.990000000000,0.070000000000
1478258840,708.500000000000,0.556000000000
1478259051,708.990000000000,0.010000000000
1478259143,708.990000000000,0.070000000000
1478259145,708.990000000000,0.070000000000
1478259148,708.990000000000,0.060000000000
1478259149,708.990000000000,0.070000000000
1478259467,708.620000000000,1.030000000000
1478259558,708.340000000000,0.070000000000
1478259561,708.340000000000,0.070000000000
1478259564,708.340000000000,0.070000000000
1478259566,708.330000000000,0.070000000000
1478259568,708.330000000000,0.050000000000
1478259955,708.920000000000,0.070000000000
1478259960,708.920000000000,0.070000000000
1478259963,708.920000000000,0.070000000000
1478260261,707.750000000000,1.470000000000
1478260262,707.730000000000,1.120000000000
1478260262,707.730000000000,0.840000000000
1478260262,707.750000000000,4.225000000000
1478260367,707.690000000000,0.070000000000
1478260369,707.680000000000,0.010000000000
1478260372,707.680000000000,0.070000000000
1478260421,707.650000000000,0.558000000000
1478260904,707.640000000000,0.070000000000
1478260905,707.620000000000,1.000000000000
1478260905,707.640000000000,2.720000000000
1478260905,707.640000000000,0.850000000000
1478260905,707.640000000000,1.150000000000
1478260905,707.640000000000,1.030000000000
1478260906,707.580000000000,1.030000000000
1478260906,707.590000000000,0.860000000000
1478260981,707.560000000000,63.930000000000
1478260982,707.570000000000,4.229000000000
1478260984,707.560000000000,0.070000000000
1478260986,708.410000000000,1.250000000000
1478260994,707.750000000000,0.070000000000
1478260997,707.750000000000,0.070000000000
1478260999,707.750000000000,0.070000000000
1478261265,708.030000000000,1.000000000000
1478261270,708.010000000000,4.000000000000
1478261274,708.000000000000,1.000000000000
1478261302,707.970000000000,1.014000000000
1478261303,707.970000000000,1.000000000000
1478261353,707.930000000000,5.400000000000
1478261353,707.920000000000,73.986000000000
1478262083,708.230000000000,0.090000000000
1478262083,708.220000000000,0.100000000000
1478262085,708.230000000000,2.120000000000
1478262088,708.330000000000,0.690000000000
1478262091,708.330000000000,0.070000000000
1478262094,708.330000000000,0.070000000000
1478262099,708.340000000000,1.030000000000
1478262102,708.340000000000,1.030000000000
1478262104,708.490000000000,0.170000000000
1478262106,708.490000000000,0.990000000000
1478262108,708.500000000000,1.386600000000
1478262108,708.490000000000,0.123400000000
1478262112,708.500000000000,0.940000000000
1478262114,708.500000000000,1.560000000000
1478262116,708.490000000000,1.100000000000
1478262117,708.500000000000,0.060000000000
1478262118,708.500000000000,1.840000000000
1478262120,708.500000000000,0.070000000000
1478262122,708.500000000000,0.200000000000
1478262124,708.500000000000,2.300000000000
1478262127,708.490000000000,0.430000000000
1478262129,708.500000000000,1.550000000000
1478262133,708.490000000000,1.030000000000
1478262145,708.330000000000,0.070000000000
1478262145,708.330000000000,0.280000000000
1478262157,707.700000000000,1.000000000000
1478262157,707.260000000000,1.000000000000
1478262158,707.860000000000,0.650000000000
1478262160,707.370000000000,0.270000000000
1478262162,707.370000000000,1.030000000000
1478262164,707.380000000000,1.080000000000
1478262166,707.370000000000,0.120000000000
1478262166,707.380000000000,1.680000000000
1478262168,707.320000000000,1.320000000000
1478262175,707.320000000000,1.640000000000
1478262176,707.300000000000,0.860000000000
1478262748,707.230000000000,1.180000000000
1478262845,706.180000000000,0.029000000000
1478263339,706.310000000000,0.030000000000
1478263459,705.540000000000,0.900000000000
1478263459,705.500000000000,0.210000000000
1478263460,705.450000000000,0.870000000000
1478263481,704.970000000000,3.423700000000
1478263489,704.840000000000,3.414500000000
1478264335,705.220000000000,0.039000000000
1478264438,704.390000000000,3.000000000000
1478264562,703.740000000000,5.858000000000
1478264562,703.750000000000,15.142000000000
1478264870,704.650000000000,0.010000000000
1478264873,704.650000000000,0.010000000000
1478264877,704.940000000000,0.010000000000
1478264879,704.940000000000,0.010000000000
1478264881,704.940000000000,0.030000000000
1478264884,704.940000000000,0.770000000000
1478264886,704.940000000000,0.230000000000
1478264888,704.940000000000,1.200000000000
1478264894,705.190000000000,1.300000000000
1478264895,705.190000000000,0.240000000000
1478264895,705.190000000000,0.270000000000
1478264896,705.190000000000,1.430000000000
1478264898,705.120000000000,0.080000000000
1478264901,705.120000000000,0.070000000000
1478264903,705.120000000000,0.070000000000
1478264905,705.120000000000,0.860000000000
1478264907,705.120000000000,1.140000000000
1478264911,705.190000000000,1.330000000000
1478264914,705.190000000000,0.300000000000
1478264918,705.220000000000,0.980000000000
1478264920,705.220000000000,0.070000000000
1478264923,705.220000000000,0.540000000000
1478264925,705.220000000000,0.580000000000
1478264928,705.200000000000,1.096000000000
1478264928,705.210000000000,1.170000000000
1478264928,705.190000000000,1.020000000000
1478264929,705.160000000000,0.220000000000
1478264931,705.160000000000,1.600000000000
1478264935,705.190000000000,0.400000000000
1478264938,705.190000000000,0.070000000000
1478265120,705.380000000000,1.190000000000
1478265121,705.380000000000,1.169900000000
1478265125,705.360000000000,0.980000000000
1478265170,705.450000000000,1.200000000000
1478265450,705.660000000000,0.550000000000
1478265454,705.660000000000,1.070000000000
1478265458,705.850000000000,0.350000000000
1478265460,705.850000000000,0.020000000000
1478265463,705.850000000000,1.170000000000
1478265466,705.850000000000,1.110000000000
1478265470,705.860000000000,0.720000000000
1478265471,705.860000000000,0.950000000000
1478265473,705.770000000000,2.000000000000
1478265475,705.900000000000,0.050000000000
1478265479,705.900000000000,0.070000000000
1478265482,705.900000000000,0.070000000000
1478265484,705.900000000000,0.070000000000
1478265819,705.900000000000,3.000000000000
1478265857,705.970000000000,4.500000000000
1478266098,706.340000000000,0.029000000000
1478266098,706.520000000000,0.041000000000
1478266100,706.520000000000,0.070000000000
1478266103,706.520000000000,1.870000000000
1478266105,706.520000000000,1.130000000000
1478266110,706.570000000000,0.070000000000
1478266118,706.570000000000,0.070000000000
1478266121,706.570000000000,0.700000000000
1478266123,706.570000000000,0.660000000000
1478266125,706.570000000000,1.650000000000
1478266127,706.570000000000,0.070000000000
1478266131,706.570000000000,0.010000000000
1478266136,706.770000000000,0.030000000000
1478266137,706.770000000000,0.930000000000
1478266139,706.770000000000,0.650000000000
1478266143,706.780000000000,0.761000000000
1478266143,706.780000000000,0.029000000000
1478266144,706.780000000000,1.150000000000
1478266147,706.780000000000,0.060000000000
1478266149,706.780000000000,2.090000000000
1478266151,706.930000000000,0.410000000000
1478266154,706.930000000000,0.070000000000
1478266157,706.930000000000,2.500000000000
1478266160,706.890000000000,0.340000000000
1478266162,706.890000000000,1.060000000000
1478266164,706.820000000000,0.600000000000
1478266165,706.820000000000,1.150000000000
1478266167,706.890000000000,1.350000000000
1478266169,706.950000000000,1.650000000000
1478266169,706.890000000000,0.850000000000
1478266171,706.950000000000,1.000000000000
1478266173,706.880000000000,0.070000000000
1478266175,706.880000000000,0.500000000000
1478266177,706.880000000000,1.150000000000
1478266179,706.840000000000,0.060000000000
1478266184,706.840000000000,1.410000000000
1478266188,706.950000000000,1.190000000000
1478266190,706.890000000000,0.150000000000
1478266192,706.890000000000,1.410000000000
1478266196,706.920000000000,0.480000000000
1478266198,706.920000000000,0.400000000000
1478266560,706.780000000000,0.250000000000
1478266560,706.990000000000,0.402500000000
1478266721,707.400000000000,0.010000000000
1478267135,706.900000000000,0.100000000000
1478267135,706.850000000000,0.100000000000
1478267137,707.200000000000,1.185000000000
1478267137,706.900000000000,0.025000000000
1478267218,707.200000000000,1.820000000000
1478267249,706.770000000000,0.930000000000
1478267315,706.570000000000,0.020000000000
1478267316,706.570000000000,0.980000000000
1478267321,706.520000000000,0.070000000000
1478267610,706.950000000000,1.000000000000
1478269054,705.660000000000,1.030000000000
1478269097,704.650000000000,1.000000000000
1478269097,705.160000000000,0.400000000000
1478269097,705.120000000000,1.170000000000
1478269105,703.780000000000,0.020000000000
1478269110,703.780000000000,0.020000000000
1478269115,703.780000000000,0.020000000000
1478269121,703.700000000000,0.020000000000
1478269212,702.380000000000,1.200000000000
1478269212,702.390000000000,0.700000000000
1478269216,702.390000000000,0.600000000000
1478269219,702.390000000000,0.500000000000
1478269224,702.890000000000,0.330000000000
1478269239,702.890000000000,0.840000000000
1478269243,702.880000000000,0.930000000000
1478269245,702.880000000000,0.090000000000
1478269247,702.870000000000,1.120000000000
1478269248,702.870000000000,0.800000000000
1478269251,702.810000000000,1.000000000000
1478269254,702.880000000000,1.200000000000
1478269255,702.810000000000,0.710000000000
1478269298,702.940000000000,0.680000000000
1478269300,702.940000000000,0.320000000000
1478269302,702.940000000000,0.470000000000
1478269302,702.950000000000,0.550000000000
1478269305,702.950000000000,0.950000000000
1478269306,702.940000000000,0.540000000000
1478269732,702.880000000000,0.600000000000
1478269851,702.730000000000,1.090000000000
1478269856,702.420000000000,1.180000000000
1478269890,701.100000000000,0.910000000000
1478269890,701.040000000000,0.580000000000
1478269905,700.380000000000,0.170000000000
1478269905,700.350000000000,0.250000000000
1478269906,700.350000000000,0.830000000000
1478269976,699.000000000000,1.000000000000
1478270109,697.970000000000,0.020000000000
1478270121,697.870000000000,0.020000000000
1478270124,697.870000000000,0.020000000000
1478270129,697.870000000000,0.020000000000
1478270134,697.870000000000,0.020000000000
1478270140,697.870000000000,0.020000000000
1478270147,697.870000000000,0.020000000000
1478270149,697.870000000000,0.020000000000
1478270154,697.870000000000,0.020000000000
1478270159,697.870000000000,0.020000000000
1478270164,697.870000000000,0.020000000000
1478270169,697.870000000000,0.020000000000
1478270185,697.870000000000,0.033000000000
1478270188,697.870000000000,0.017000000000
1478270189,697.970000000000,0.020000000000
1478270193,698.440000000000,10.000000000000
1478270329,698.000000000000,1.250000000000
1478270338,698.000000000000,0.500000000000
1478270339,698.000000000000,0.500000000000
1478270341,698.000000000000,27.750000000000
1478270346,698.850000000000,0.500000000000
1478270347,698.820000000000,0.440000000000
1478270744,697.240000000000,5.968900000000
1478270907,698.500000000000,0.111000000000
1478271022,700.150000000000,1.467000000000
1478271543,699.770000000000,0.200000000000
1478271543,700.000000000000,0.054400000000
1478271740,698.260000000000,0.020000000000
1478271744,697.800000000000,0.020000000000
1478271749,697.790000000000,0.020000000000
1478271757,697.790000000000,0.020000000000
1478271758,697.800000000000,0.560000000000
1478272131,695.060000000000,0.043800000000
1478272166,695.060000000000,0.054300000000
1478272269,695.590000000000,0.500000000000
1478272272,695.590000000000,0.500000000000
1478272274,695.590000000000,0.250000000000
1478272277,695.590000000000,0.150000000000
1478272278,695.590000000000,0.090000000000
1478272281,695.590000000000,0.440000000000
1478272283,695.590000000000,0.060000000000
1478272295,695.900000000000,0.500000000000
1478272301,695.890000000000,0.500000000000
1478272304,695.890000000000,0.500000000000
1478272306,695.890000000000,0.500000000000
1478272308,695.890000000000,0.500000000000
1478272666,696.040000000000,1.340000000000
1478272723,695.890000000000,0.060000000000
1478272723,695.890000000000,0.300000000000
1478272723,695.900000000000,2.500000000000
1478272727,695.590000000000,0.500000000000
1478272727,695.590000000000,1.000000000000
1478272727,695.590000000000,0.500000000000
1478272727,695.590000000000,0.500000000000
1478272801,695.030000000000,10.000000000000
1478272801,695.020000000000,30.434400000000
1478272954,695.020000000000,19.565600000000
1478273457,694.800000000000,0.010000000000
1478273458,694.750000000000,0.500000000000
1478273510,693.090000000000,0.410000000000
1478273510,693.090000000000,0.590000000000
1478273525,692.810000000000,0.100000000000
1478273532,692.660000000000,0.100000000000
1478273549,692.380000000000,0.500000000000
1478273549,692.440000000000,2.000000000000
1478273549,692.370000000000,1.340000000000
1478273661,690.190000000000,1.000000000000
1478273831,691.450000000000,0.111000000000
1478274017,690.900000000000,1.300000000000
1478274018,690.900000000000,1.250000000000
1478274213,691.260000000000,0.144000000000
1478274213,691.260000000000,0.144000000000
1478274213,691.260000000000,0.144000000000
1478274213,691.260000000000,0.144000000000
1478274213,691.260000000000,0.144000000000
1478274213,691.260000000000,0.144000000000
1478274214,691.260000000000,0.144000000000
1478274214,691.260000000000,0.144000000000
1478274214,691.260000000000,0.144000000000
1478274214,691.260000000000,0.128000000000
1478274214,691.260000000000,0.144000000000
1478274214,691.260000000000,0.144000000000
1478274214,691.260000000000,0.144000000000
1478274215,691.260000000000,0.144000000000
1478274215,691.260000000000,0.144000000000
1478274215,691.260000000000,0.144000000000
1478274215,691.260000000000,0.144000000000
1478274215,691.260000000000,0.144000000000
1478274215,691.260000000000,0.128000000000
1478274215,691.260000000000,0.144000000000
1478274216,691.260000000000,0.144000000000
1478274216,691.260000000000,0.144000000000
1478274216,691.260000000000,0.144000000000
1478274216,691.260000000000,0.144000000000
1478274216,691.260000000000,0.144000000000
1478274216,691.260000000000,0.144000000000
1478274216,691.260000000000,0.144000000000
1478274217,691.260000000000,0.144000000000
1478274217,691.260000000000,0.128000000000
1478274217,691.260000000000,0.144000000000
1478274217,691.260000000000,0.144000000000
1478274217,691.260000000000,0.144000000000
1478274217,691.260000000000,0.144000000000
1478274217,691.260000000000,0.144000000000
1478274218,691.260000000000,0.144000000000
1478274218,691.260000000000,0.144000000000
1478274218,691.260000000000,0.144000000000
1478274218,691.260000000000,0.144000000000
1478274218,691.260000000000,0.128000000000
1478274218,691.260000000000,0.144000000000
