1504259479,4792.990000000000,0.169500000000
1504259489,4792.990000000000,0.169500000000
1504259507,4792.990000000000,0.169500000000
1504259557,4792.990000000000,0.847200000000
1504259611,4792.990000000000,0.100000000000
1504259945,4792.990000000000,0.100000000000
1504259955,4792.990000000000,0.100000000000
1504260474,4799.000000000000,0.011700000000
1504260474,4789.360000000000,0.000100000000
1504260497,4797.970000000000,0.160000000000
1504260581,4795.000000000000,0.018000000000
1504260590,4795.000000000000,0.004000000000
1504260597,4789.200000000000,1.770000000000
1504260602,4787.730000000000,1.667000000000
1504260602,4789.200000000000,0.103000000000
1504260657,4794.160000000000,0.021800000000
1504260732,4789.700000000000,0.241000000000
1504260733,4789.700000000000,0.037000000000
1504260734,4789.700000000000,0.687800000000
1504260737,4790.560000000000,0.000200000000
1504260761,4788.840000000000,1.770000000000
1504260766,4788.900000000000,0.723700000000
1504260768,4788.210000000000,0.096400000000
1504260771,4787.100000000000,0.260000000000
1504260771,4787.100000000000,0.533500000000
1504260781,4788.900000000000,0.103000000000
1504261182,4794.940000000000,5.000000000000
1504261731,4798.990000000000,0.095000000000
1504261734,4798.990000000000,0.005000000000
1504262606,4799.000000000000,0.003300000000
1504263270,4799.000000000000,0.001900000000
1504263787,4798.540000000000,0.187000000000
1504263802,4786.510000000000,0.210000000000
1504263802,4786.510000000000,2.000000000000
1504263803,4786.510000000000,0.210000000000
1504263803,4786.510000000000,0.209000000000
1504263804,4786.510000000000,0.083300000000
1504263806,4786.510000000000,0.122700000000
1504263807,4786.510000000000,0.208000000000
1504263807,4786.510000000000,0.097000000000
1504263807,4786.510000000000,0.103000000000
1504263808,4786.510000000000,0.102000000000
1504263809,4785.000000000000,0.157300000000
1504263809,4786.510000000000,0.210000000000
1504263810,4785.000000000000,0.022000000000
1504263810,4785.000000000000,1.265500000000
1504263811,4786.520000000000,0.000100000000
1504263819,4791.310000000000,0.002100000000
1504263824,4786.630000000000,0.209000000000
1504263825,4786.510000000000,0.210000000000
1504263826,4786.510000000000,0.022300000000
1504263886,4780.270000000000,0.000100000000
1504263956,4778.020000000000,2.090000000000
1504263956,4780.320000000000,2.000000000000
1504263957,4777.980000000000,0.096600000000
1504263976,4773.640000000000,0.813300000000
1504264024,4777.970000000000,0.011100000000
1504264047,4777.970000000000,0.004700000000
1504264047,4777.970000000000,0.091900000000
1504264057,4777.970000000000,0.079300000000
1504264057,4777.970000000000,0.017300000000
1504264066,4777.970000000000,0.072900000000
1504264066,4777.970000000000,0.023700000000
1504264075,4777.970000000000,0.029100000000
1504264641,4795.350000000000,2.084000000000
1504264651,4795.320000000000,2.084000000000
1504264679,4795.360000000000,0.100000000000
1504264688,4795.360000000000,0.100000000000
1504264707,4795.360000000000,0.100000000000
1504264717,4795.360000000000,0.051000000000
1504264717,4795.360000000000,0.049000000000
1504264739,4795.370000000000,0.854100000000
1504264743,4795.370000000000,0.295200000000
1504264745,4795.370000000000,1.521000000000
1504264749,4795.370000000000,0.942800000000
1504264763,4795.370000000000,0.029000000000
1504265471,4795.370000000000,0.019900000000
1504265714,4795.360000000000,0.110000000000
1504265774,4795.370000000000,0.000900000000
1504265808,4795.370000000000,11.537100000000
1504265808,4795.370000000000,0.100000000000
1504265808,4798.790000000000,2.084000000000
1504265809,4799.000000000000,0.983100000000
1504265809,4800.000000000000,0.822900000000
1504265810,4800.000000000000,2.000000000000
1504265810,4800.000000000000,0.010000000000
1504265811,4800.000000000000,0.022000000000
1504265819,4800.050000000000,0.250000000000
1504265848,4803.840000000000,0.014500000000
1504265894,4803.740000000000,2.000000000000
1504266170,4806.940000000000,2.000000000000
1504266170,4806.940000000000,0.000100000000
1504266195,4810.010000000000,0.100000000000
1504266195,4810.010000000000,0.101000000000
1504266195,4810.010000000000,0.000100000000
1504266196,4810.010000000000,0.102000000000
1504266196,4810.010000000000,0.102000000000
1504266196,4810.010000000000,0.175000000000
1504266196,4810.000000000000,1.419900000000
1504266300,4810.010000000000,0.093500000000
1504266300,4810.010000000000,0.101000000000
1504266574,4820.760000000000,0.001000000000
1504266689,4820.750000000000,0.026200000000
1504266731,4820.750000000000,0.101000000000
1504266731,4820.750000000000,0.100000000000
1504266731,4820.750000000000,0.973800000000
1504266731,4820.750000000000,0.093000000000
1504266731,4820.750000000000,0.100000000000
1504266732,4820.760000000000,1.019800000000
1504266732,4820.760000000000,1.000000000000
1504266732,4820.750000000000,0.102000000000
1504266732,4820.750000000000,0.102000000000
1504266732,4820.760000000000,0.980200000000
1504266733,4838.000000000000,0.188800000000
1504266733,4837.680000000000,0.020000000000
1504266772,4838.150000000000,0.037000000000
1504266890,4838.260000000000,0.037000000000
1504266935,4838.290000000000,0.037000000000
1504266939,4849.030000000000,0.921000000000
1504266939,4849.030000000000,2.079000000000
1504266957,4838.320000000000,0.012000000000
1504266966,4838.320000000000,0.042900000000
1504266968,4848.980000000000,0.052400000000
1504266970,4838.320000000000,0.330300000000
1504266970,4838.330000000000,0.095400000000
1504266978,4838.320000000000,0.035800000000
1504266986,4838.340000000000,0.348100000000
1504266987,4838.340000000000,0.277100000000
1504266987,4838.340000000000,0.009100000000
1504266988,4838.340000000000,0.286500000000
1504267007,4838.350000000000,0.095300000000
1504267007,4838.350000000000,0.000100000000
1504267008,4837.010000000000,0.152700000000
1504267010,4837.010000000000,0.013300000000
1504267016,4837.080000000000,0.000100000000
1504267022,4838.340000000000,0.197100000000
1504267032,4837.100000000000,0.000100000000
1504267032,4835.190000000000,0.012900000000
1504267042,4837.110000000000,0.012100000000
1504267044,4835.200000000000,0.866000000000
1504267044,4837.110000000000,0.083300000000
1504267045,4835.200000000000,0.599600000000
1504267046,4835.190000000000,0.093700000000
1504267046,4835.190000000000,0.096800000000
1504267046,4835.200000000000,0.534400000000
1504267049,4835.190000000000,0.600000000000
1504267052,4836.970000000000,0.000300000000
1504267055,4836.970000000000,2.185600000000
1504267068,4835.210000000000,0.095500000000
1504267068,4830.410000000000,0.779800000000
1504267068,4837.410000000000,3.430800000000
1504267069,4837.420000000000,0.000100000000
1504267096,4838.840000000000,0.012000000000
1504267098,4838.420000000000,2.921200000000
1504267124,4838.420000000000,0.032400000000
1504267124,4838.420000000000,0.022900000000
1504267125,4838.410000000000,0.260500000000
1504267132,4838.410000000000,0.037000000000
1504267137,4838.420000000000,0.035000000000
1504267137,4831.410000000000,1.356700000000
1504267137,4838.420000000000,0.037000000000
1504267137,4838.420000000000,0.037000000000
1504267137,4838.390000000000,3.382700000000
1504267138,4838.510000000000,0.000100000000
1504267139,4838.510000000000,3.722000000000
1504267147,4838.130000000000,0.072500000000
1504267167,4838.130000000000,0.029000000000
1504267173,4838.130000000000,0.052400000000
1504267202,4838.120000000000,0.013000000000
1504267218,4838.120000000000,3.714400000000
1504267218,4831.410000000000,1.285600000000
1504267218,4838.130000000000,3.490400000000
1504267218,4838.130000000000,1.300400000000
1504267218,4838.130000000000,1.278000000000
1504267219,4838.130000000000,1.211700000000
1504267219,4838.130000000000,0.110300000000
1504267219,4838.130000000000,0.035000000000
1504267219,4838.130000000000,2.000000000000
1504267220,4838.130000000000,1.000000000000
1504267220,4838.170000000000,1.293300000000
1504267221,4838.170000000000,0.784700000000
1504267227,4838.770000000000,0.501300000000
1504267229,4838.770000000000,0.124500000000
1504267229,4838.780000000000,0.000100000000
1504267230,4838.780000000000,0.011700000000
1504267232,4838.780000000000,0.083600000000
1504267234,4838.770000000000,0.019000000000
1504267234,4838.770000000000,0.013000000000
1504267237,4838.780000000000,0.095400000000
1504267240,4838.770000000000,0.296100000000
1504267240,4838.770000000000,0.089900000000
1504267241,4838.770000000000,0.387200000000
1504267241,4831.000000000000,0.013000000000
1504267251,4838.260000000000,0.016200000000
1504267260,4838.250000000000,0.005200000000
1504267262,4838.250000000000,0.099500000000
1504267276,4838.250000000000,0.499000000000
1504267277,4838.250000000000,0.082100000000
1504267308,4835.730000000000,0.000500000000
1504267308,4835.730000000000,0.091900000000
1504267310,4835.620000000000,0.014000000000
1504267310,4835.730000000000,0.007600000000
1504267311,4835.730000000000,0.012000000000
1504267312,4835.730000000000,0.058500000000
1504267312,4835.720000000000,0.037000000000
1504267314,4835.190000000000,0.125300000000
1504267315,4835.190000000000,2.333500000000
1504267315,4839.380000000000,0.052300000000
1504267315,4835.740000000000,0.000100000000
1504267329,4835.040000000000,0.000100000000
1504267329,4835.040000000000,4.241400000000
1504267330,4835.690000000000,2.080000000000
1504267330,4835.040000000000,0.485300000000
1504267332,4838.200000000000,2.079000000000
1504267334,4839.430000000000,0.007900000000
1504267340,4837.970000000000,0.095400000000
1504267343,4835.500000000000,3.749000000000
1504267344,4835.500000000000,1.155600000000
1504267344,4835.540000000000,2.080000000000
1504267375,4838.290000000000,0.037000000000
1504267388,4838.300000000000,0.028800000000
1504267400,4838.290000000000,0.020000000000
1504267404,4835.210000000000,0.311900000000
1504267406,4835.210000000000,0.034300000000
1504267408,4835.380000000000,3.636000000000
1504267410,4835.380000000000,1.335200000000
1504267411,4835.380000000000,0.000200000000
1504267412,4838.300000000000,0.200000000000
1504267413,4838.800000000000,2.079000000000
1504267414,4838.670000000000,3.133300000000
1504267423,4838.410000000000,0.037000000000
1504267423,4838.420000000000,0.095400000000
1504267430,4838.300000000000,0.100000000000
1504267430,4835.390000000000,0.104900000000
1504267436,4835.410000000000,0.733800000000
1504267436,4835.550000000000,4.170800000000
1504267438,4835.550000000000,0.037000000000
1504267444,4835.560000000000,0.095500000000
1504267446,4835.310000000000,0.231900000000
1504267447,4835.310000000000,1.710000000000
1504267447,4835.310000000000,0.204900000000
1504267449,4835.080000000000,1.780000000000
1504267449,4835.080000000000,1.073100000000
1504267449,4835.320000000000,0.000100000000
1504267457,4836.040000000000,3.876700000000
1504267457,4836.040000000000,1.027800000000
1504267473,4835.350000000000,2.078000000000
1504267474,4838.850000000000,0.221600000000
1504267474,4838.840000000000,0.044700000000
1504267476,4838.840000000000,0.024800000000
1504267476,4838.840000000000,0.238300000000
1504267479,4838.840000000000,0.238300000000
1504267480,4838.850000000000,0.000100000000
1504267480,4838.850000000000,0.019900000000
1504267482,4838.840000000000,0.238300000000
1504267483,4838.410000000000,0.457800000000
1504267483,4838.410000000000,0.801300000000
1504267483,4838.410000000000,0.239900000000
1504267488,4838.410000000000,0.038000000000
1504267489,4838.420000000000,0.000300000000
1504267489,4838.420000000000,0.095100000000
1504267495,4838.410000000000,0.103700000000
1504267498,4838.410000000000,0.188100000000
1504267502,4838.410000000000,0.038000000000
1504267504,4831.060000000000,2.085700000000
1504267504,4838.410000000000,2.622300000000
1504267512,4835.210000000000,0.188400000000
1504267516,4835.220000000000,4.290000000000
1504267517,4835.220000000000,0.000200000000
1504267517,4835.220000000000,0.595000000000
1504267538,4837.250000000000,0.200000000000
1504267563,4835.420000000000,4.044200000000
1504267564,4835.420000000000,0.955800000000
1504267576,4833.010000000000,2.913200000000
1504267577,4833.010000000000,2.086800000000
1504267578,4834.970000000000,0.066900000000
1504267578,4834.970000000000,0.022800000000
1504267583,4834.970000000000,0.185800000000
1504267588,4827.320000000000,0.894700000000
1504267588,4834.970000000000,3.680100000000
1504267590,4830.560000000000,0.203500000000
1504267596,4830.570000000000,4.141400000000
1504267597,4830.570000000000,0.000100000000
1504267599,4832.260000000000,0.050400000000
1504267601,4832.260000000000,0.616900000000
1504267601,4832.260000000000,0.106300000000
1504267609,4829.290000000000,0.000100000000
1504267609,4829.290000000000,0.000100000000
1504267610,4829.290000000000,2.836100000000
1504267611,4829.290000000000,2.163900000000
1504267619,4833.170000000000,0.024100000000
1504267634,4831.270000000000,0.018300000000
1504267635,4831.270000000000,0.052400000000
1504267675,4831.260000000000,0.163700000000
1504267699,4831.260000000000,0.010000000000
1504267712,4828.030000000000,2.855600000000
1504267713,4828.290000000000,2.078000000000
1504267715,4828.060000000000,1.059000000000
1504267715,4830.250000000000,0.000100000000
1504267715,4830.250000000000,3.870300000000
1504267716,4833.410000000000,0.002400000000
1504267728,4826.210000000000,3.026200000000
1504267732,4828.350000000000,0.000100000000
1504267733,4825.570000000000,1.306700000000
1504267733,4828.350000000000,3.693300000000
1504267736,4829.570000000000,0.072800000000
1504267739,4827.500000000000,0.655000000000
1504267739,4827.500000000000,0.079600000000
1504267739,4827.500000000000,1.770000000000
1504267740,4826.770000000000,0.147200000000
1504267741,4826.770000000000,2.318900000000
1504267741,4819.490000000000,0.029000000000
1504267751,4823.000000000000,0.000300000000
1504267751,4823.000000000000,2.073500000000
1504267751,4823.000000000000,2.926500000000
1504267775,4825.950000000000,0.003400000000
1504267779,4824.970000000000,0.014000000000
1504267790,4822.270000000000,1.543000000000
1504267790,4824.820000000000,3.457000000000
1504267795,4828.750000000000,0.061000000000
1504267816,4822.270000000000,2.149700000000
1504267817,4822.270000000000,0.037400000000
1504267833,4824.190000000000,0.036200000000
1504267841,4823.360000000000,0.000200000000
1504267841,4824.170000000000,0.100000000000
1504267843,4821.740000000000,0.090600000000
1504267843,4821.740000000000,0.035700000000
1504267843,4821.740000000000,0.488900000000
1504267845,4821.740000000000,0.112700000000
1504267846,4821.740000000000,0.082400000000
1504267853,4821.740000000000,0.250000000000
1504267854,4821.740000000000,1.966600000000
1504267864,4821.590000000000,2.518800000000
1504267865,4821.590000000000,0.000300000000
1504267865,4826.390000000000,0.052400000000
1504267865,4821.590000000000,0.211400000000
1504267865,4821.590000000000,2.233600000000
1504267874,4822.340000000000,0.130500000000
1504267874,4822.340000000000,0.403000000000
1504267875,4822.340000000000,0.250000000000
1504267875,4822.340000000000,0.822800000000
1504267931,4822.340000000000,0.728900000000
1504267946,4825.380000000000,0.072100000000
1504267946,4821.800000000000,0.000300000000
1504267969,4826.010000000000,0.060300000000
1504267978,4821.750000000000,1.492700000000
1504267982,4822.880000000000,1.985600000000
1504268001,4823.990000000000,0.004800000000
1504268001,4823.990000000000,0.072400000000
1504268093,4823.000000000000,0.002400000000
1504268121,4823.000000000000,2.535900000000
1504268121,4823.000000000000,2.298700000000
1504268211,4827.530000000000,0.072300000000
1504268217,4827.530000000000,0.007200000000
1504268225,4827.530000000000,0.052400000000
1504268237,4826.910000000000,0.012000000000
1504268237,4826.910000000000,0.048200000000
1504268301,4827.350000000000,0.050600000000
1504268306,4823.090000000000,0.941400000000
1504268306,4824.110000000000,1.986500000000
1504268306,4824.160000000000,2.072000000000
1504268316,4816.410000000000,0.780900000000
1504268316,4823.990000000000,2.846300000000
1504268318,4824.000000000000,0.000100000000
1504268330,4823.340000000000,0.216700000000
1504268380,4822.530000000000,0.370000000000
1504268382,4823.640000000000,0.017600000000
1504268394,4823.610000000000,0.000100000000
1504268395,4827.470000000000,0.010300000000
1504268411,4823.560000000000,0.224800000000
1504268416,4823.560000000000,0.215700000000
1504268422,4823.560000000000,0.000100000000
1504268446,4827.480000000000,0.052300000000
1504268511,4816.390000000000,0.003100000000
1504268511,4820.010000000000,2.074000000000
1504268511,4823.090000000000,0.388800000000
1504268511,4823.670000000000,2.534000000000
1504268513,4823.680000000000,0.000100000000
1504268534,4823.830000000000,0.013000000000
1504268645,4823.370000000000,2.074000000000
1504268675,4827.520000000000,0.013000000000
1504268727,4827.990000000000,0.052300000000
1504268749,4824.440000000000,0.050000000000
1504268749,4824.440000000000,0.060000000000
1504268752,4817.280000000000,0.992900000000
1504268752,4824.390000000000,1.934100000000
1504268752,4824.440000000000,1.963000000000
1504268788,4827.990000000000,0.007500000000
1504268788,4827.990000000000,0.004800000000
1504268826,4816.110000000000,0.505400000000
1504268826,4823.190000000000,2.422600000000
1504268826,4824.390000000000,2.072000000000
1504268837,4826.230000000000,0.052300000000
1504268856,4827.970000000000,0.024000000000
1504268865,4827.970000000000,0.002400000000
1504268882,4827.970000000000,0.006500000000
1504268899,4824.940000000000,0.033700000000
1504269024,4828.580000000000,0.002400000000
1504269047,4831.650000000000,0.007400000000
1504269080,4835.950000000000,0.020300000000
1504269080,4835.950000000000,0.052300000000
1504269138,4839.960000000000,0.072200000000
1504269138,4839.960000000000,0.060900000000
1504269139,4839.960000000000,0.002400000000
1504269142,4837.510000000000,0.424900000000
1504269142,4839.220000000000,0.030000000000
1504269163,4838.810000000000,2.000000000000
1504269163,4838.410000000000,0.770300000000
1504269196,4842.190000000000,0.072200000000
1504269196,4842.190000000000,0.015600000000
1504269210,4842.590000000000,0.010000000000
1504269211,4842.590000000000,0.013000000000
1504269254,4841.490000000000,0.005200000000
1504269254,4841.490000000000,0.052200000000
1504269258,4839.880000000000,0.161900000000
1504269259,4839.880000000000,0.115300000000
1504269259,4839.880000000000,0.081000000000
1504269259,4839.880000000000,1.770000000000
1504269266,4836.400000000000,2.594400000000
1504269266,4835.670000000000,2.000000000000
1504269267,4834.000000000000,0.405400000000
1504269275,4836.250000000000,0.000200000000
1504269300,4839.960000000000,0.006000000000
1504269307,4830.810000000000,2.404800000000
1504269307,4837.740000000000,2.595200000000
1504269312,4836.510000000000,0.012000000000
1504269363,4833.850000000000,0.012000000000
1504269370,4837.960000000000,0.010100000000
1504269403,4834.140000000000,2.000000000000
1504269403,4833.850000000000,2.067000000000
1504269403,4833.800000000000,0.933000000000
1504269458,4837.390000000000,0.044300000000
1504269480,4838.580000000000,0.024000000000
1504269484,4838.410000000000,2.137600000000
1504269484,4837.120000000000,2.862200000000
1504269564,4839.700000000000,0.004800000000
1504269571,4839.700000000000,0.250000000000
1504269588,4839.700000000000,0.655200000000
1504269588,4841.050000000000,2.063000000000
1504269589,4843.080000000000,2.281800000000
1504269593,4843.400000000000,1.060600000000
1504269624,4845.100000000000,0.022600000000
1504269627,4845.100000000000,0.061700000000
1504269629,4845.100000000000,0.080000000000
1504269629,4845.100000000000,0.960600000000
1504269639,4843.820000000000,1.944400000000
1504269639,4846.950000000000,0.000100000000
1504269732,4847.980000000000,0.026400000000
1504269798,4848.000000000000,0.059900000000
1504269818,4848.050000000000,0.011900000000
1504269818,4848.050000000000,0.052000000000
1504269830,4846.230000000000,1.317100000000
1504269830,4847.110000000000,2.454900000000
1504269830,4847.160000000000,0.074000000000
1504269834,4848.840000000000,0.048000000000
1504269891,4848.100000000000,1.000000000000
1504270036,4848.860000000000,0.017900000000
1504270081,4848.890000000000,0.002300000000
1504270099,4848.890000000000,0.003900000000
1504270100,4848.890000000000,0.010800000000
1504270131,4848.890000000000,0.032200000000
1504270229,4848.690000000000,0.103500000000
1504270229,4848.690000000000,0.020300000000
1504270240,4848.920000000000,0.026000000000
1504270267,4848.690000000000,0.080200000000
1504270267,4848.690000000000,0.206000000000
1504270267,4848.690000000000,0.206000000000
1504270267,4848.690000000000,0.206000000000
1504270268,4848.690000000000,0.206000000000
1504270268,4848.690000000000,0.203000000000
1504270269,4848.690000000000,0.206000000000
1504270269,4848.690000000000,0.205000000000
1504270269,4848.690000000000,0.207000000000
1504270269,4848.690000000000,0.207000000000
1504270270,4847.840000000000,2.061000000000
1504270286,4848.330000000000,2.784800000000
1504270286,4847.840000000000,1.332200000000
1504270292,4848.330000000000,0.206000000000
1504270301,4847.840000000000,0.204000000000
1504270301,4847.700000000000,0.025100000000
1504270301,4847.790000000000,1.000000000000
1504270304,4847.850000000000,0.677000000000
1504270309,4848.920000000000,0.036000000000
1504270314,4847.840000000000,0.035000000000
1504270317,4847.840000000000,0.120900000000
1504270317,4847.840000000000,0.085100000000
1504270318,4846.340000000000,0.427400000000
1504270319,4849.290000000000,0.052000000000
1504270330,4848.360000000000,0.013000000000
1504270332,4844.540000000000,0.103200000000
1504270334,4844.430000000000,0.723100000000
1504270335,4844.550000000000,0.000100000000
1504270342,4846.120000000000,1.857700000000
1504270342,4846.120000000000,2.293300000000
1504270360,4847.030000000000,0.004500000000
1504270364,4847.030000000000,0.030000000000
1504270370,4846.060000000000,0.027200000000
1504270375,4846.110000000000,0.014000000000
1504270420,4849.200000000000,0.052000000000
1504270438,4849.210000000000,0.006100000000
1504270452,4847.960000000000,0.064400000000
1504270475,4847.950000000000,0.007200000000
1504270485,4845.630000000000,0.205000000000
1504270485,4845.630000000000,0.207000000000
1504270485,4845.630000000000,0.206000000000
1504270485,4845.630000000000,0.206000000000
1504270486,4845.350000000000,2.062000000000
1504270486,4845.630000000000,0.206000000000
1504270486,4845.630000000000,0.207000000000
1504270487,4843.990000000000,1.700900000000
1504270510,4843.910000000000,0.071800000000
1504270510,4843.540000000000,0.000100000000
1504270533,4847.940000000000,0.001700000000
1504270535,4847.940000000000,0.026000000000
1504270567,4847.930000000000,0.005200000000
1504270593,4847.930000000000,0.043200000000
1504270595,4845.290000000000,0.203000000000
1504270595,4845.310000000000,0.204000000000
1504270596,4845.200000000000,0.585600000000
1504270598,4847.940000000000,0.002600000000
1504270600,4845.310000000000,0.147900000000
1504270601,4845.310000000000,0.026900000000
1504270601,4845.310000000000,0.032200000000
1504270602,4845.200000000000,0.937800000000
1504270602,4845.310000000000,0.206000000000
1504270606,4842.870000000000,0.000200000000
1504270636,4847.880000000000,0.026000000000
1504270639,4847.930000000000,0.013000000000
1504270663,4847.930000000000,0.030300000000
1504270705,4848.590000000000,0.707300000000
1504270720,4847.940000000000,0.010400000000
1504270749,4847.940000000000,0.003600000000
1504270766,4844.830000000000,0.481900000000
1504270768,4844.830000000000,1.579100000000
1504270768,4844.780000000000,2.938900000000
1504270771,4844.170000000000,0.010000000000
1504270777,4843.250000000000,0.000100000000
1504270832,4847.130000000000,0.011900000000
1504270867,4848.220000000000,0.047900000000
1504270968,4848.120000000000,0.018000000000
1504270976,4850.760000000000,0.071700000000
1504270985,4850.720000000000,0.005200000000
1504271008,4850.860000000000,0.018200000000
1504271026,4850.780000000000,0.026000000000
1504271038,4849.230000000000,0.052100000000
1504271047,4848.700000000000,0.041300000000
1504271111,4850.370000000000,0.003900000000
1504271125,4850.370000000000,0.002500000000
1504271130,4850.360000000000,0.002300000000
1504271130,4850.360000000000,0.023900000000
1504271138,4850.360000000000,0.071700000000
1504271180,4850.360000000000,0.047800000000
1504271185,4850.360000000000,0.005200000000
1504271195,4847.330000000000,0.010000000000
1504271199,4847.330000000000,0.046200000000
1504271199,4847.330000000000,0.196000000000
1504271202,4847.330000000000,0.010000000000
1504271208,4847.330000000000,0.016400000000
1504271208,4847.330000000000,0.132400000000
1504271209,4847.330000000000,0.049800000000
1504271209,4847.330000000000,0.206000000000
1504271209,4847.330000000000,0.204000000000
1504271212,4847.330000000000,0.042800000000
1504271225,4850.970000000000,0.050200000000
1504271225,4847.340000000000,0.000300000000
1504271283,4850.450000000000,0.002600000000
1504271338,4848.950000000000,0.005400000000
1504271356,4850.730000000000,0.052100000000
1504271403,4849.620000000000,0.058300000000
1504271429,4851.920000000000,0.071700000000
1504271437,4852.280000000000,0.002400000000
1504271477,4853.000000000000,0.002600000000
1504271491,4853.000000000000,0.052100000000
1504271501,4853.000000000000,1.780000000000
1504271549,4854.000000000000,0.052000000000
1504271549,4853.300000000000,0.000100000000
1504271574,4854.000000000000,0.014600000000
1504271583,4856.940000000000,0.026000000000
1504271612,4858.930000000000,0.047800000000
1504271620,4858.930000000000,1.000000000000
1504271620,4858.110000000000,2.414700000000
1504271628,4859.000000000000,2.656900000000
1504271628,4859.000000000000,3.219400000000
1504271632,4859.000000000000,1.058200000000
1504271654,4857.920000000000,0.374900000000
1504271654,4859.000000000000,0.650800000000
1504271654,4859.100000000000,0.000100000000
1504271655,4857.920000000000,0.231100000000
1504271663,4860.280000000000,0.052100000000
1504271668,4860.280000000000,0.023900000000
1504271675,4856.080000000000,0.170000000000
1504271723,4853.040000000000,0.764100000000
1504271777,4855.580000000000,0.100000000000
1504271847,4852.750000000000,0.010000000000
1504271859,4851.620000000000,1.000000000000
1504271867,4855.710000000000,0.071600000000
1504271886,4852.920000000000,0.200000000000
1504271886,4852.910000000000,2.934500000000
1504271886,4849.830000000000,1.865400000000
1504271891,4851.820000000000,0.000100000000
1504271892,4855.930000000000,0.026000000000
1504271918,4848.960000000000,0.011900000000
1504271946,4856.790000000000,0.011900000000
1504271960,4853.010000000000,0.100000000000
1504271960,4853.000000000000,1.900000000000
1504271962,4852.510000000000,0.010000000000
1504271967,4852.510000000000,0.086300000000
1504271967,4852.510000000000,0.041200000000
1504271967,4852.510000000000,0.151900000000
1504271968,4852.510000000000,0.051400000000
1504271975,4852.510000000000,1.588500000000
1504271975,4852.510000000000,1.043100000000
1504271976,4850.000000000000,0.680400000000
1504271977,4855.610000000000,0.002300000000
1504271978,4850.940000000000,0.000300000000
1504271981,4850.940000000000,1.921100000000
1504271981,4844.900000000000,2.398100000000
1504271981,4850.220000000000,0.563300000000
1504271982,4850.000000000000,0.117100000000
1504271985,4850.950000000000,0.000100000000
1504271985,4853.120000000000,0.002500000000
1504271988,4850.000000000000,0.041100000000
1504271993,4852.020000000000,0.012000000000
1504271996,4852.020000000000,0.057300000000
1504272001,4850.000000000000,0.026300000000
1504272001,4850.000000000000,0.016100000000
1504272009,4850.010000000000,0.000100000000
1504272009,4850.870000000000,0.113500000000
1504272018,4850.000000000000,0.016100000000
1504272064,4850.010000000000,0.000100000000
1504272065,4851.970000000000,0.071600000000
1504272068,4850.000000000000,0.147500000000
1504272068,4851.740000000000,2.646200000000
1504272068,4850.000000000000,0.206000000000
1504272069,4850.000000000000,0.204000000000
1504272069,4850.000000000000,0.205000000000
1504272069,4850.000000000000,0.206000000000
1504272069,4850.000000000000,0.206000000000
1504272070,4850.000000000000,0.203000000000
1504272070,4850.000000000000,0.207000000000
1504272070,4850.000000000000,0.206000000000
1504272071,4850.000000000000,0.206000000000
1504272071,4850.000000000000,0.257400000000
1504272085,4850.010000000000,0.000100000000
1504272085,4852.010000000000,0.001600000000
1504272085,4850.000000000000,1.027100000000
1504272086,4850.000000000000,0.278900000000
1504272087,4850.000000000000,0.059500000000
1504272088,4850.000000000000,0.051900000000
1504272088,4850.000000000000,0.209500000000
1504272089,4850.000000000000,0.058600000000
1504272090,4850.000000000000,0.034200000000
1504272099,4850.000000000000,0.048500000000
1504272099,4850.000000000000,0.197500000000
1504272100,4850.000000000000,0.203700000000
1504272103,4850.070000000000,0.000300000000
1504272105,4850.070000000000,0.246400000000
1504272107,4850.080000000000,0.000100000000
1504272108,4853.800000000000,0.012900000000
1504272108,4853.800000000000,0.052000000000
1504272111,4852.470000000000,0.010700000000
1504272122,4850.000000000000,0.204000000000
1504272122,4850.000000000000,0.207000000000
1504272122,4850.000000000000,0.203000000000
1504272123,4850.000000000000,0.207000000000
1504272123,4849.880000000000,2.506900000000
1504272123,4847.950000000000,1.425600000000
1504272139,4850.410000000000,0.149600000000
1504272149,4850.410000000000,0.278300000000
1504272151,4850.410000000000,0.160000000000
1504272164,4849.990000000000,0.000200000000
1504272164,4853.960000000000,0.023900000000
1504272165,4849.990000000000,0.558400000000
1504272166,4849.990000000000,1.120300000000
1504272180,4849.760000000000,0.009500000000
1504272180,4849.760000000000,0.011800000000
1504272181,4849.760000000000,0.005700000000
1504272190,4849.760000000000,0.180000000000
1504272190,4849.760000000000,0.008300000000
1504272192,4849.760000000000,0.196700000000
1504272192,4849.760000000000,0.206000000000
1504272192,4849.760000000000,0.207000000000
1504272192,4849.760000000000,0.207000000000
1504272193,4849.760000000000,0.206000000000
1504272193,4849.760000000000,0.207000000000
1504272193,4849.760000000000,0.204000000000
1504272193,4849.760000000000,0.207000000000
1504272194,4848.000000000000,2.937700000000
1504272194,4849.760000000000,0.206000000000
1504272208,4847.010000000000,0.000400000000
1504272224,4850.190000000000,0.023800000000
1504272287,4848.830000000000,0.071600000000
1504272288,4848.830000000000,0.002300000000
1504272290,4847.380000000000,0.005400000000
1504272290,4847.380000000000,0.010000000000
1504272296,4847.390000000000,0.000100000000
1504272296,4850.260000000000,0.051900000000
1504272309,4847.380000000000,0.189600000000
1504272309,4847.380000000000,0.009400000000
1504272314,4847.380000000000,0.021600000000
1504272317,4847.390000000000,0.000100000000
1504272317,4850.450000000000,0.071500000000
1504272329,4847.380000000000,0.100000000000
1504272338,4850.450000000000,0.071600000000
1504272341,4850.450000000000,0.060500000000
1504272342,4850.450000000000,0.052000000000
1504272345,4847.380000000000,0.020000000000
1504272345,4850.450000000000,0.010700000000
1504272360,4849.420000000000,0.000100000000
1504272360,4849.420000000000,0.132500000000
1504272361,4849.420000000000,0.083100000000
1504272361,4849.420000000000,0.968800000000
1504272362,4849.420000000000,0.132900000000
1504272363,4849.420000000000,0.083000000000
1504272364,4849.420000000000,0.023100000000
1504272365,4849.420000000000,0.328000000000
1504272365,4849.420000000000,0.043600000000
1504272371,4849.420000000000,0.000200000000
1504272372,4853.520000000000,0.001700000000
1504272374,4852.850000000000,0.031200000000
1504272378,4847.380000000000,0.207000000000
1504272378,4849.420000000000,0.208000000000
1504272378,4847.380000000000,0.205000000000
1504272378,4847.380000000000,0.207000000000
1504272378,4847.380000000000,0.204000000000
1504272378,4849.420000000000,0.206800000000
1504272378,4849.420000000000,0.207000000000
1504272382,4848.150000000000,0.207000000000
1504272382,4848.150000000000,0.206000000000
1504272398,4848.100000000000,0.060500000000
1504272402,4849.970000000000,1.993000000000
1504272403,4849.970000000000,0.067000000000
1504272411,4850.890000000000,0.026300000000
1504272412,4850.890000000000,0.088200000000
1504272413,4850.900000000000,0.000100000000
1504272421,4850.180000000000,1.508700000000
1504272422,4850.180000000000,0.552300000000
1504272461,4852.310000000000,0.005900000000
1504272464,4852.310000000000,0.003000000000
1504272476,4854.410000000000,0.003800000000
1504272509,4850.070000000000,0.123000000000
1504272510,4850.070000000000,0.846800000000
1504272510,4850.070000000000,0.979000000000
1504272510,4850.070000000000,0.110200000000
1504272511,4850.020000000000,0.791000000000
1504272531,4850.060000000000,0.000100000000
1504272533,4852.300000000000,0.430900000000
1504272533,4852.300000000000,3.284400000000
1504272533,4852.300000000000,1.715500000000
1504272557,4852.310000000000,1.000000000000
1504272588,4856.000000000000,2.732100000000
1504272610,4855.730000000000,0.071700000000
1504272626,4856.000000000000,0.331700000000
1504272627,4856.000000000000,0.202900000000
1504272627,4856.000000000000,0.000100000000
1504272629,4856.000000000000,0.110800000000
1504272641,4856.380000000000,0.007700000000
1504272641,4856.010000000000,0.000100000000
1504272718,4859.430000000000,0.021900000000
1504272728,4859.430000000000,0.011900000000
1504272731,4859.430000000000,0.030200000000
1504272743,4859.380000000000,0.017900000000
1504272756,4858.940000000000,0.016100000000
1504272834,4860.120000000000,0.047700000000
1504272891,4860.120000000000,0.007400000000
1504272935,4860.120000000000,0.003300000000
1504272954,4860.520000000000,0.002300000000
1504272957,4860.520000000000,0.071500000000
1504272960,4860.510000000000,0.026700000000
1504272963,4860.520000000000,0.035800000000
1504272967,4860.510000000000,3.371200000000
1504272973,4860.520000000000,0.002500000000
1504272975,4860.520000000000,0.052000000000
1504272986,4860.520000000000,0.035900000000
1504273023,4860.520000000000,0.003500000000
1504273048,4860.510000000000,1.682100000000
1504273090,4859.880000000000,0.016100000000
1504273092,4859.880000000000,0.002500000000
1504273097,4859.750000000000,0.014300000000
1504273114,4859.460000000000,2.000000000000
1504273135,4862.000000000000,0.002300000000
1504273148,4862.000000000000,0.022700000000
1504273149,4863.430000000000,0.048900000000
1504273152,4864.040000000000,0.011900000000
1504273174,4864.030000000000,0.021500000000
1504273188,4862.570000000000,0.018100000000
1504273190,4861.970000000000,0.097600000000
1504273191,4861.970000000000,0.083900000000
1504273195,4861.080000000000,2.935800000000
1504273195,4860.540000000000,0.000200000000
1504273196,4861.500000000000,1.882500000000
1504273204,4861.950000000000,0.196800000000
1504273214,4860.760000000000,1.471300000000
1504273214,4861.950000000000,0.911300000000
1504273232,4861.940000000000,0.000200000000
1504273233,4852.070000000000,2.755600000000
1504273233,4859.480000000000,2.244300000000
1504273259,4858.030000000000,0.546800000000
1504273259,4858.030000000000,1.511200000000
1504273259,4854.210000000000,0.000100000000
1504273278,4858.500000000000,0.071500000000
1504273287,4858.260000000000,0.047700000000
1504273287,4858.260000000000,0.052000000000
1504273303,4854.610000000000,4.060500000000
1504273325,4851.410000000000,0.888600000000
1504273328,4850.970000000000,1.485300000000
1504273328,4848.690000000000,0.626000000000
1504273328,4848.910000000000,2.000000000000
1504273331,4848.690000000000,0.029400000000
1504273338,4853.060000000000,0.071400000000
1504273338,4848.920000000000,0.000100000000
1504273344,4851.960000000000,0.018200000000
1504273349,4851.910000000000,0.010000000000
1504273351,4850.850000000000,0.020500000000
1504273365,4849.390000000000,0.011900000000
1504273368,4848.910000000000,0.207000000000
1504273369,4848.910000000000,0.206000000000
1504273369,4848.910000000000,0.206000000000
1504273369,4848.910000000000,0.207000000000
1504273369,4848.910000000000,0.208000000000
1504273369,4848.910000000000,0.204000000000
1504273369,4848.910000000000,0.208000000000
1504273370,4848.910000000000,0.208000000000
1504273370,4848.910000000000,0.208000000000
1504273370,4848.910000000000,0.207000000000
1504273392,4845.320000000000,0.199100000000
1504273400,4845.320000000000,0.056600000000
1504273402,4845.320000000000,0.101600000000
1504273402,4845.320000000000,0.206000000000
1504273402,4845.320000000000,0.150400000000
1504273408,4845.320000000000,0.208000000000
1504273408,4845.320000000000,0.208000000000
1504273408,4845.320000000000,0.102400000000
1504273408,4845.320000000000,0.208000000000
1504273409,4845.320000000000,0.207000000000
1504273409,4845.320000000000,0.206000000000
1504273409,4845.320000000000,0.208000000000
1504273410,4844.480000000000,0.488600000000
1504273410,4845.320000000000,0.208000000000
1504273430,4841.890000000000,0.208000000000
1504273430,4841.890000000000,0.504900000000
1504273431,4835.290000000000,1.103200000000
1504273431,4840.000000000000,0.124800000000
1504273431,4840.790000000000,0.002500000000
1504273433,4841.050000000000,0.017000000000
1504273434,4841.060000000000,0.000200000000
1504273435,4841.890000000000,0.207000000000
1504273435,4841.890000000000,0.207800000000
1504273436,4841.890000000000,0.208000000000
1504273440,4844.390000000000,0.049400000000
1504273448,4841.050000000000,0.207000000000
1504273448,4841.050000000000,0.205000000000
1504273448,4841.050000000000,2.527700000000
1504273449,4841.050000000000,0.207000000000
1504273449,4841.050000000000,0.208000000000
1504273449,4841.050000000000,0.208000000000
1504273450,4841.120000000000,0.000100000000
1504273450,4833.910000000000,0.603700000000
1504273450,4834.000000000000,0.800000000000
1504273458,4841.130000000000,0.025800000000
1504273458,4841.130000000000,0.100000000000
1504273459,4841.140000000000,0.000100000000
1504273459,4841.130000000000,0.394500000000
1504273459,4841.130000000000,0.115700000000
1504273460,4844.350000000000,0.016500000000
1504273461,4844.350000000000,2.000000000000
1504273462,4843.290000000000,0.455300000000
1504273463,4843.290000000000,0.500000000000
1504273479,4844.350000000000,0.208000000000
1504273480,4844.350000000000,0.208000000000
1504273480,4844.350000000000,0.209000000000
1504273480,4844.350000000000,0.208000000000
1504273480,4844.350000000000,0.209000000000
1504273480,4844.350000000000,0.208000000000
1504273480,4844.350000000000,0.207000000000
1504273480,4844.350000000000,0.205000000000
1504273485,4840.680000000000,0.000100000000
1504273518,4845.420000000000,0.014400000000
1504273520,4845.370000000000,0.146500000000
1504273526,4843.130000000000,0.543500000000
1504273551,4845.680000000000,0.242200000000
1504273562,4844.290000000000,0.005000000000
1504273571,4844.240000000000,0.013000000000
1504273574,4844.240000000000,0.050000000000
1504273609,4843.230000000000,2.890800000000
1504273610,4847.020000000000,2.109200000000
1504273623,4844.180000000000,0.005100000000
1504273631,4844.610000000000,0.641700000000
1504273643,4845.980000000000,0.934500000000
1504273643,4845.980000000000,0.004500000000
1504273668,4845.370000000000,0.026100000000
1504273691,4846.160000000000,0.023400000000
1504273751,4843.920000000000,1.017500000000
1504273759,4844.920000000000,0.002600000000
1504273768,4842.680000000000,0.014000000000
1504273768,4842.680000000000,0.967300000000
1504273785,4846.610000000000,0.071700000000
1504273789,4842.680000000000,1.110600000000
1504273789,4842.750000000000,1.980300000000
1504273794,4842.560000000000,1.909100000000
1504273827,4842.760000000000,0.062200000000
1504273838,4842.750000000000,1.000000000000
1504273844,4842.760000000000,1.017500000000
1504273854,4842.270000000000,0.965000000000
1504273878,4847.040000000000,0.005900000000
1504273884,4847.040000000000,0.013000000000
1504273885,4847.040000000000,0.059800000000
1504273899,4847.360000000000,0.050400000000
1504273899,4847.040000000000,0.021300000000
1504273905,4847.360000000000,0.007200000000
1504273911,4846.480000000000,0.023900000000
1504273961,4847.440000000000,0.055500000000
1504273962,4847.440000000000,0.281600000000
1504273962,4847.440000000000,0.483200000000
1504273963,4847.440000000000,0.623900000000
1504273963,4843.440000000000,0.897300000000
1504273965,4847.520000000000,0.071800000000
1504273973,4842.690000000000,0.766900000000
1504273977,4842.700000000000,0.000300000000
1504273977,4844.270000000000,0.002000000000
1504273985,4842.750000000000,0.100000000000
1504273992,4846.670000000000,0.016900000000
1504274026,4841.000000000000,0.518000000000
1504274026,4840.700000000000,0.847800000000
1504274027,4841.010000000000,0.000100000000
1504274028,4844.000000000000,0.061000000000
1504274043,4845.810000000000,0.047900000000
1504274044,4841.940000000000,0.382300000000
1504274045,4841.940000000000,0.005000000000
1504274045,4841.940000000000,0.153300000000
1504274049,4840.650000000000,0.125300000000
1504274051,4843.690000000000,0.114900000000
1504274054,4842.110000000000,0.000200000000
1504274061,4842.110000000000,0.100000000000
1504274065,4840.510000000000,1.770000000000
1504274068,4840.510000000000,0.100000000000
1504274068,4840.510000000000,0.005000000000
1504274090,4840.670000000000,0.289700000000
1504274091,4840.670000000000,0.597400000000
1504274091,4840.670000000000,0.465600000000
1504274126,4838.180000000000,0.000200000000
1504274142,4842.870000000000,0.004000000000
1504274147,4842.920000000000,0.010500000000
1504274156,4842.920000000000,0.510100000000
1504274166,4842.880000000000,0.060500000000
1504274168,4842.880000000000,0.822000000000
1504274175,4843.280000000000,0.010000000000
1504274211,4844.670000000000,2.065000000000
1504274218,4844.670000000000,0.291400000000
1504274223,4841.300000000000,1.585100000000
1504274223,4841.350000000000,2.064000000000
1504274223,4844.670000000000,1.059400000000
1504274228,4838.800000000000,0.000100000000
1504274230,4841.440000000000,0.000200000000
1504274242,4837.500000000000,0.072800000000
1504274242,4837.500000000000,0.851200000000
1504274244,4840.230000000000,0.042100000000
1504274244,4837.510000000000,0.000100000000
1504274250,4836.410000000000,0.233000000000
1504274250,4830.350000000000,2.439300000000
1504274250,4837.500000000000,1.636500000000
1504274265,4832.880000000000,0.000200000000
1504274269,4837.900000000000,1.081900000000
1504274269,4837.910000000000,0.011000000000
1504274274,4832.360000000000,0.949100000000
1504274299,4832.120000000000,2.375400000000
1504274299,4830.490000000000,2.294400000000
1504274300,4832.120000000000,0.330200000000
1504274333,4828.000000000000,0.122800000000
1504274341,4829.540000000000,0.325500000000
1504274357,4826.890000000000,0.196900000000
1504274368,4825.000000000000,2.725900000000
1504274375,4825.870000000000,0.012500000000
1504274375,4821.890000000000,0.000100000000
1504274383,4824.810000000000,0.803800000000
1504274397,4823.550000000000,0.023900000000
1504274438,4820.020000000000,0.473000000000
1504274439,4821.820000000000,0.669900000000
1504274439,4821.820000000000,0.075700000000
1504274439,4821.820000000000,0.052900000000
1504274440,4821.820000000000,0.997900000000
1504274440,4821.820000000000,0.099200000000
1504274450,4822.060000000000,0.000300000000
1504274452,4820.030000000000,1.574900000000
1504274487,4821.450000000000,0.999400000000
1504274489,4819.600000000000,1.901700000000
1504274489,4818.410000000000,3.098300000000
1504274511,4817.000000000000,0.296800000000
1504274512,4817.000000000000,0.349100000000
1504274518,4820.000000000000,0.001000000000
1504274519,4817.690000000000,0.000100000000
1504274527,4820.000000000000,0.009000000000
1504274529,4820.450000000000,0.016200000000
1504274539,4819.770000000000,0.071800000000
1504274558,4818.120000000000,0.257000000000
1504274558,4818.120000000000,1.814000000000
1504274565,4817.060000000000,1.238900000000
1504274567,4817.060000000000,0.036100000000
1504274569,4817.120000000000,2.071000000000
1504274575,4820.710000000000,0.013000000000
1504274575,4820.710000000000,0.002600000000
1504274578,4820.660000000000,0.010300000000
1504274611,4817.810000000000,0.900000000000
1504274671,4817.260000000000,0.003100000000
1504274710,4815.970000000000,0.004700000000
1504274721,4817.020000000000,0.060800000000
1504274742,4815.360000000000,0.557900000000
1504274746,4815.360000000000,0.007200000000
1504274751,4813.000000000000,3.022200000000
1504274754,4813.310000000000,2.000000000000
1504274768,4813.530000000000,0.013000000000
1504274794,4813.210000000000,0.071800000000
1504274817,4812.500000000000,0.840800000000
1504274889,4812.500000000000,2.263600000000
1504274892,4809.590000000000,0.423500000000
1504274892,4812.030000000000,0.400000000000
1504274894,4810.380000000000,0.000100000000
1504274895,4812.500000000000,2.736400000000
1504274896,4810.380000000000,1.439900000000
1504274902,4810.390000000000,0.000100000000
1504274931,4811.610000000000,0.004200000000
1504274968,4811.610000000000,0.051800000000
1504274968,4810.540000000000,0.020000000000
1504274991,4811.660000000000,0.018100000000
1504274996,4814.610000000000,0.023900000000
1504275065,4811.660000000000,0.006000000000
1504275120,4811.680000000000,0.011800000000
1504275148,4811.680000000000,0.024000000000
1504275184,4813.600000000000,0.018600000000
1504275245,4811.700000000000,0.003500000000
1504275259,4814.950000000000,0.007200000000
1504275259,4814.950000000000,0.012000000000
1504275259,4811.810000000000,2.000000000000
1504275304,4812.080000000000,0.012000000000
1504275325,4812.160000000000,0.024000000000
1504275344,4814.170000000000,0.001900000000
1504275350,4815.120000000000,0.002400000000
1504275358,4814.490000000000,2.715500000000
1504275358,4813.140000000000,2.275000000000
1504275358,4813.140000000000,0.002400000000
1504275373,4812.990000000000,0.024000000000
1504275389,4812.110000000000,0.109100000000
1504275389,4812.110000000000,0.606000000000
1504275390,4812.110000000000,0.499000000000
1504275400,4813.080000000000,0.050300000000
1504275400,4812.040000000000,0.000100000000
1504275404,4809.810000000000,2.065000000000
1504275414,4811.670000000000,0.210000000000
1504275414,4811.670000000000,0.051200000000
1504275418,4813.570000000000,0.007200000000
1504275418,4811.420000000000,0.000100000000
1504275454,4808.590000000000,3.011000000000
1504275455,4807.960000000000,1.981800000000
1504275468,4807.610000000000,0.000100000000
1504275492,4804.380000000000,0.010000000000
1504275508,4805.190000000000,0.010100000000
1504275531,4799.140000000000,1.750800000000
1504275531,4800.000000000000,0.300000000000
1504275531,4801.070000000000,2.949100000000
1504275547,4797.210000000000,0.000100000000
1504275553,4800.540000000000,1.746100000000
1504275554,4800.590000000000,2.000000000000
1504275554,4800.540000000000,0.334900000000
1504275580,4800.000000000000,0.072000000000
1504275602,4794.540000000000,2.081000000000
1504275602,4793.820000000000,1.000000000000
1504275602,4794.490000000000,1.919000000000
1504275604,4798.700000000000,2.917900000000
1504275604,4798.650000000000,2.082000000000
1504275605,4798.530000000000,0.000100000000
1504275606,4798.530000000000,2.785100000000
1504275607,4798.540000000000,0.290900000000
1504275607,4798.540000000000,0.525100000000
1504275608,4798.540000000000,0.000100000000
1504275612,4801.050000000000,2.080000000000
1504275613,4804.950000000000,0.024000000000
1504275615,4804.940000000000,1.398800000000
1504275617,4798.530000000000,2.078000000000
1504275617,4798.530000000000,0.024000000000
1504275674,4805.560000000000,0.033400000000
1504275688,4805.160000000000,0.016500000000
1504275688,4805.160000000000,2.439400000000
1504275693,4801.290000000000,2.771000000000
1504275693,4801.880000000000,2.077000000000
1504275694,4800.800000000000,0.111900000000
1504275694,4800.800000000000,0.040000000000
1504275696,4801.890000000000,0.000100000000
1504275698,4804.570000000000,0.010000000000
1504275709,4804.560000000000,0.100000000000
1504275715,4804.000000000000,3.056400000000
1504275719,4804.650000000000,0.100000000000
1504275733,4806.080000000000,0.036400000000
1504275738,4804.050000000000,0.691700000000
1504275756,4801.980000000000,0.288000000000
1504275770,4801.060000000000,0.225200000000
1504275783,4800.000000000000,2.914500000000
1504275802,4801.380000000000,0.007200000000
1504275811,4800.010000000000,2.136400000000
1504275890,4800.010000000000,0.000100000000
1504275890,4800.010000000000,3.297800000000
1504275894,4803.400000000000,0.024000000000
1504275912,4800.860000000000,0.006100000000
1504275949,4800.510000000000,0.023100000000
1504275950,4800.020000000000,0.047700000000
1504275950,4800.020000000000,1.169100000000
1504275952,4800.030000000000,0.000100000000
1504275952,4800.510000000000,0.999900000000
1504275956,4799.480000000000,0.045800000000
1504275957,4800.000000000000,0.020000000000
1504275957,4800.510000000000,0.032500000000
1504275958,4800.510000000000,0.025000000000
1504275961,4799.400000000000,0.807800000000
1504275962,4800.030000000000,0.000100000000
1504275962,4800.510000000000,14.199900000000
1504275967,4799.150000000000,0.380900000000
1504275969,4800.800000000000,0.004000000000
1504275981,4799.800000000000,0.002400000000
1504276045,4791.040000000000,0.040000000000
1504276054,4790.010000000000,1.017500000000
1504276065,4790.010000000000,1.017500000000
1504276067,4789.680000000000,0.048100000000
1504276071,4785.780000000000,2.453600000000
1504276071,4785.000000000000,2.546300000000
1504276073,4784.950000000000,2.085000000000
1504276074,4785.000000000000,0.959000000000
1504276075,4783.000000000000,0.016300000000
1504276078,4783.000000000000,0.552800000000
1504276083,4783.990000000000,0.000100000000
1504276084,4787.570000000000,0.005500000000
1504276094,4787.510000000000,0.630800000000
1504276111,4787.510000000000,0.007300000000
1504276127,4786.060000000000,2.000000000000
1504276138,4788.180000000000,0.052500000000
1504276146,4788.180000000000,0.005500000000
1504276158,4785.000000000000,2.543700000000
1504276161,4785.000000000000,2.250900000000
1504276162,4785.000000000000,3.015500000000
1504276162,4785.000000000000,2.671800000000
1504276182,4784.990000000000,0.015600000000
1504276184,4784.980000000000,2.584000000000
1504276185,4784.980000000000,2.416000000000
1504276185,4784.980000000000,0.777700000000
1504276185,4784.980000000000,2.744200000000
1504276185,4784.960000000000,0.404900000000
1504276185,4784.960000000000,1.595100000000
1504276185,4784.490000000000,0.441100000000
1504276190,4784.990000000000,0.784400000000
1504276190,4784.990000000000,0.100000000000
1504276190,4785.000000000000,0.996600000000
1504276191,4785.000000000000,2.645800000000
1504276191,4785.000000000000,2.179200000000
1504276191,4785.000000000000,2.993000000000
1504276192,4785.000000000000,2.627400000000
1504276193,4784.990000000000,0.100000000000
1504276193,4785.000000000000,0.746500000000
1504276194,4785.000000000000,4.153300000000
1504276197,4784.990000000000,3.134700000000
1504276202,4784.990000000000,0.000200000000
1504276202,4784.990000000000,0.099800000000
1504276203,4785.000000000000,4.999800000000
1504276208,4785.000000000000,0.463100000000
1504276209,4785.000000000000,1.007700000000
1504276209,4785.000000000000,0.395200000000
1504276210,4785.000000000000,0.026300000000
1504276212,4785.000000000000,2.928200000000
1504276212,4785.000000000000,2.382900000000
1504276213,4785.000000000000,2.803100000000
1504276213,4785.000000000000,1.956400000000
1504276220,4785.000000000000,0.071500000000
1504276224,4785.000000000000,2.680400000000
1504276227,4784.990000000000,2.572300000000
1504276227,4784.990000000000,2.327900000000
1504276227,4784.990000000000,0.000100000000
1504276227,4784.990000000000,1.151900000000
1504276231,4785.000000000000,0.090000000000
1504276233,4785.000000000000,0.064000000000
1504276240,4785.000000000000,0.249500000000
1504276243,4785.000000000000,0.019900000000
1504276243,4785.000000000000,0.097600000000
1504276243,4785.000000000000,0.022200000000
1504276244,4785.000000000000,0.020200000000
1504276248,4785.000000000000,1.647400000000
1504276249,4785.000000000000,1.250900000000
1504276249,4785.000000000000,1.347900000000
1504276257,4784.990000000000,0.100000000000
1504276261,4785.000000000000,4.999900000000
1504276262,4785.000000000000,5.000000000000
1504276267,4784.990000000000,0.100000000000
1504276270,4785.000000000000,2.521200000000
1504276270,4785.000000000000,1.821400000000
1504276276,4784.990000000000,0.100000000000
1504276281,4785.000000000000,1.702900000000
1504276297,4785.000000000000,0.004200000000
1504276304,4785.000000000000,0.016500000000
1504276307,4785.000000000000,0.109600000000
1504276315,4785.000000000000,1.821100000000
1504276315,4785.000000000000,0.047400000000
1504276316,4785.000000000000,1.954000000000
1504276316,4785.000000000000,1.523200000000
1504276317,4785.000000000000,1.828400000000
1504276317,4785.000000000000,2.232100000000
1504276317,4785.000000000000,2.278200000000
1504276320,4785.000000000000,0.014900000000
1504276320,4785.000000000000,0.066300000000
1504276323,4785.000000000000,0.080000000000
1504276325,4785.000000000000,0.006000000000
1504276326,4785.000000000000,0.020000000000
1504276327,4785.000000000000,0.040000000000
1504276328,4785.000000000000,0.020700000000
1504276328,4785.000000000000,0.040000000000
1504276329,4785.000000000000,0.062600000000
1504276329,4784.990000000000,1.158100000000
1504276329,4784.990000000000,3.841900000000
1504276330,4784.990000000000,2.439100000000
1504276330,4784.990000000000,2.560900000000
1504276330,4784.990000000000,0.276900000000
1504276333,4785.000000000000,0.007900000000
1504276335,4785.000000000000,0.208200000000
1504276336,4785.000000000000,1.365000000000
1504276336,4785.000000000000,2.481800000000
1504276336,4785.000000000000,2.620000000000
1504276336,4785.000000000000,2.152000000000
1504276340,4784.990000000000,0.065100000000
1504276341,4784.990000000000,0.000100000000
1504276341,4784.990000000000,2.450500000000
1504276342,4784.990000000000,2.897000000000
1504276344,4785.000000000000,2.000000000000
1504276345,4785.000000000000,4.619500000000
1504276350,4785.000000000000,1.120100000000
1504276350,4785.000000000000,0.082900000000
1504276351,4785.000000000000,0.077400000000
1504276353,4785.000000000000,1.320000000000
1504276356,4785.000000000000,1.895900000000
1504276357,4785.000000000000,0.490800000000
1504276357,4785.000000000000,1.591300000000
1504276357,4785.000000000000,1.327300000000
1504276358,4785.000000000000,2.403900000000
1504276358,4785.000000000000,1.767700000000
1504276364,4785.000000000000,0.007300000000
1504276367,4785.000000000000,0.064100000000
1504276369,4784.990000000000,0.100000000000
1504276369,4785.000000000000,2.436400000000
1504276372,4784.990000000000,3.307500000000
1504276379,4784.990000000000,0.100000000000
1504276385,4785.000000000000,1.890900000000
1504276386,4785.000000000000,2.507800000000
1504276386,4785.000000000000,1.624600000000
1504276387,4784.990000000000,0.100000000000
1504276406,4784.990000000000,0.100000000000
1504276408,4785.000000000000,1.793000000000
1504276409,4785.000000000000,2.131500000000
1504276409,4785.000000000000,2.195200000000
1504276410,4785.000000000000,1.074300000000
1504276419,4785.000000000000,4.673500000000
1504276422,4784.990000000000,2.501500000000
1504276422,4784.990000000000,2.498500000000
1504276423,4784.990000000000,1.104000000000
1504276423,4784.990000000000,2.716500000000
1504276423,4785.000000000000,0.041600000000
1504276423,4785.000000000000,2.000000000000
1504276424,4785.000000000000,0.420300000000
1504276425,4785.000000000000,1.810300000000
1504276427,4785.000000000000,0.005400000000
1504276428,4785.000000000000,0.048200000000
1504276430,4785.000000000000,3.033600000000
1504276433,4785.000000000000,0.075400000000
1504276435,4785.000000000000,0.300000000000
1504276435,4785.000000000000,0.025100000000
1504276439,4785.000000000000,0.480000000000
1504276444,4785.000000000000,2.000000000000
1504276444,4785.000000000000,1.381300000000
1504276444,4785.000000000000,1.301400000000
1504276444,4785.000000000000,1.382100000000
1504276445,4785.000000000000,2.036300000000
1504276445,4785.000000000000,2.231400000000
1504276446,4785.000000000000,1.652600000000
1504276446,4785.000000000000,1.998800000000
1504276464,4784.990000000000,0.000600000000
1504276464,4784.990000000000,3.426800000000
1504276465,4784.990000000000,2.973200000000
1504276465,4784.990000000000,0.157300000000
1504276465,4784.990000000000,3.052900000000
1504276465,4784.990000000000,0.703200000000
1504276466,4784.990000000000,2.972700000000
1504276471,4785.000000000000,0.287400000000
1504276471,4785.000000000000,2.301300000000
1504276471,4785.000000000000,2.197100000000
1504276471,4785.000000000000,1.133900000000
1504276472,4785.000000000000,2.201300000000
1504276477,4785.000000000000,0.020000000000
1504276477,4784.990000000000,0.000200000000
1504276477,4784.990000000000,0.000300000000
1504276477,4784.990000000000,2.000000000000
1504276478,4784.990000000000,1.212300000000
1504276481,4784.990000000000,0.100000000000
1504276481,4785.000000000000,1.379300000000
1504276484,4785.000000000000,0.591300000000
1504276484,4785.000000000000,0.646700000000
1504276489,4785.000000000000,0.400000000000
1504276490,4784.990000000000,0.100000000000
1504276491,4785.000000000000,0.163600000000
1504276491,4785.000000000000,0.950900000000
1504276492,4785.000000000000,0.341200000000
1504276492,4785.000000000000,0.696800000000
1504276493,4785.000000000000,0.827900000000
1504276496,4785.000000000000,0.100100000000
1504276497,4785.000000000000,0.234200000000
1504276497,4785.000000000000,1.684800000000
1504276501,4784.990000000000,0.100000000000
1504276501,4785.000000000000,0.138800000000
1504276502,4785.000000000000,0.200000000000
1504276503,4785.000000000000,0.004400000000
1504276505,4785.000000000000,0.129500000000
1504276506,4785.000000000000,0.041000000000
1504276509,4784.990000000000,0.100000000000
1504276509,4785.000000000000,0.077600000000
1504276510,4785.000000000000,0.072100000000
1504276510,4785.000000000000,0.072100000000
1504276511,4785.000000000000,0.020700000000
1504276511,4785.000000000000,0.066500000000
1504276512,4784.990000000000,2.708400000000
1504276514,4785.000000000000,0.848800000000
1504276514,4785.000000000000,0.031600000000
1504276515,4785.000000000000,0.045000000000
1504276516,4785.000000000000,0.546900000000
1504276517,4785.000000000000,0.009100000000
1504276518,4785.000000000000,1.595600000000
1504276518,4785.000000000000,2.128500000000
1504276519,4785.000000000000,2.125800000000
1504276519,4785.000000000000,1.402300000000
1504276519,4784.990000000000,0.100000000000
1504276520,4785.000000000000,1.066400000000
1504276520,4785.000000000000,2.059600000000
1504276522,4785.000000000000,0.200000000000
1504276524,4784.990000000000,1.900000000000
1504276525,4784.990000000000,1.370600000000
1504276525,4784.990000000000,0.000800000000
1504276525,4784.990000000000,2.311600000000
1504276525,4784.990000000000,0.000300000000
1504276525,4784.990000000000,1.628300000000
1504276526,4784.990000000000,2.527300000000
1504276529,4785.000000000000,1.187700000000
1504276530,4785.000000000000,0.207900000000
1504276530,4785.000000000000,2.118200000000
1504276531,4785.000000000000,2.225100000000
1504276531,4785.000000000000,1.810200000000
1504276532,4785.000000000000,1.399700000000
1504276536,4785.000000000000,1.496000000000
1504276536,4785.000000000000,0.222200000000
1504276539,4784.990000000000,3.080700000000
1504276539,4784.990000000000,1.083100000000
1504276539,4784.990000000000,0.836200000000
1504276539,4784.990000000000,2.964000000000
1504276539,4784.990000000000,2.036000000000
1504276540,4785.000000000000,0.038100000000
1504276540,4784.950000000000,0.768600000000
1504276540,4784.990000000000,2.000000000000
1504276540,4784.990000000000,0.000100000000
1504276542,4785.000000000000,0.987800000000
1504276542,4785.000000000000,0.067300000000
1504276544,4785.000000000000,0.385800000000
1504276545,4785.000000000000,0.574800000000
1504276550,4785.000000000000,1.867900000000
1504276551,4785.650000000000,0.085000000000
1504276551,4785.000000000000,1.990900000000
1504276551,4785.000000000000,2.542100000000
1504276551,4785.000000000000,2.125600000000
1504276552,4785.650000000000,0.015000000000
1504276554,4789.490000000000,0.003700000000
1504276555,4785.790000000000,2.080000000000
1504276555,4784.990000000000,0.779200000000
1504276556,4783.400000000000,0.096500000000
1504276556,4783.400000000000,0.185400000000
1504276556,4783.400000000000,0.100000000000
1504276560,4783.400000000000,2.000000000000
1504276564,4783.870000000000,0.048200000000
1504276564,4783.870000000000,0.052500000000
1504276566,4790.000000000000,3.057000000000
1504276566,4783.870000000000,3.577600000000
1504276567,4790.000000000000,3.047900000000
1504276567,4790.000000000000,0.317500000000
1504276579,4786.570000000000,0.016200000000
1504276585,4786.940000000000,0.100000000000
1504276597,4787.980000000000,3.447600000000
1504276599,4787.980000000000,1.552400000000
1504276599,4787.980000000000,0.000200000000
1504276611,4787.990000000000,0.049200000000
1504276611,4787.980000000000,1.153000000000
1504276611,4787.980000000000,2.162700000000
1504276612,4787.980000000000,1.546400000000
1504276634,4787.800000000000,0.007900000000
1504276640,4788.020000000000,2.000000000000
1504276640,4791.110000000000,2.999900000000
1504276655,4792.630000000000,0.060200000000
1504276664,4792.630000000000,0.018300000000
1504276686,4793.230000000000,0.000100000000
1504276743,4794.170000000000,0.060200000000
1504276750,4794.170000000000,1.939800000000
1504276753,4797.590000000000,0.002700000000
1504276774,4795.040000000000,2.366000000000
1504276790,4798.700000000000,0.072200000000
1504276794,4798.690000000000,3.429500000000
1504276810,4801.620000000000,2.000000000000
1504276823,4802.880000000000,2.077000000000
1504276824,4802.890000000000,0.004800000000
1504276827,4802.880000000000,0.923000000000
1504276853,4802.690000000000,2.000000000000
1504276854,4802.690000000000,2.079000000000
1504276878,4800.000000000000,0.020000000000
1504276878,4802.810000000000,1.129100000000
1504276878,4802.810000000000,2.160700000000
1504276905,4802.580000000000,3.340600000000
1504276906,4802.590000000000,2.478300000000
1504276915,4803.480000000000,0.012000000000
1504276925,4803.990000000000,0.708700000000
1504276942,4804.630000000000,0.025900000000
1504277050,4804.650000000000,0.004000000000
1504277084,4807.550000000000,0.072100000000
1504277096,4808.120000000000,0.026200000000
1504277111,4810.750000000000,0.004200000000
1504277116,4807.610000000000,2.000000000000
1504277132,4811.700000000000,0.026200000000
1504277181,4815.230000000000,0.024000000000
1504277229,4814.030000000000,1.245900000000
1504277229,4814.870000000000,2.048700000000
1504277229,4814.870000000000,2.951300000000
1504277230,4814.030000000000,0.824100000000
1504277254,4814.480000000000,0.100000000000
1504277275,4815.250000000000,0.050900000000
1504277312,4815.290000000000,0.004600000000
1504277386,4818.600000000000,0.018700000000
1504277454,4816.990000000000,0.001600000000
1504277485,4819.510000000000,0.060900000000
1504277502,4819.000000000000,0.003100000000
1504277502,4819.000000000000,0.005200000000
1504277503,4817.480000000000,3.314100000000
1504277504,4817.480000000000,1.685900000000
1504277517,4815.290000000000,2.000000000000
1504277518,4817.760000000000,0.007200000000
1504277539,4819.000000000000,0.005200000000
1504277542,4819.000000000000,0.003600000000
1504277548,4819.000000000000,0.013000000000
1504277598,4817.480000000000,2.000000000000
1504277621,4818.990000000000,0.007200000000
1504277629,4818.990000000000,0.071000000000
1504277631,4818.990000000000,0.024400000000
1504277640,4818.320000000000,0.015900000000
1504277646,4818.320000000000,0.072000000000
1504277665,4818.390000000000,0.003200000000
1504277682,4818.390000000000,0.012700000000
1504277692,4818.990000000000,0.048000000000
1504277719,4817.480000000000,4.827600000000
1504277722,4817.480000000000,0.172400000000
1504277730,4815.360000000000,1.589400000000
1504277734,4818.340000000000,0.052400000000
1504277747,4818.000000000000,0.060900000000
1504277747,4818.000000000000,0.009700000000
1504277811,4816.390000000000,0.002400000000
1504277813,4816.390000000000,0.024000000000
1504277816,4817.000000000000,0.072000000000
1504277818,4817.000000000000,3.738900000000
1504277821,4816.390000000000,0.774800000000
1504277867,4816.960000000000,0.072000000000
1504277871,4816.960000000000,0.007200000000
1504277907,4817.580000000000,0.193400000000
1504277907,4817.010000000000,2.000000000000
1504277912,4817.480000000000,1.436800000000
1504277912,4816.390000000000,0.372300000000
1504277912,4816.400000000000,0.800000000000
1504277913,4816.390000000000,0.627700000000
1504277914,4814.390000000000,1.550700000000
1504277915,4817.480000000000,0.800100000000
1504277921,4815.050000000000,2.075000000000
1504277972,4818.060000000000,0.012700000000
1504277980,4818.060000000000,0.001100000000
1504277993,4818.110000000000,0.007200000000
1504278001,4817.810000000000,0.001100000000
1504278020,4817.480000000000,0.010000000000
1504278028,4816.180000000000,0.470300000000
1504278028,4816.130000000000,2.076000000000
1504278047,4816.130000000000,0.024000000000
1504278066,4817.850000000000,0.428400000000
1504278090,4812.870000000000,0.072100000000
1504278091,4812.870000000000,0.072000000000
1504278095,4812.870000000000,0.154900000000
1504278130,4812.800000000000,0.010900000000
1504278150,4817.100000000000,0.000300000000
1504278173,4815.520000000000,1.475100000000
1504278174,4815.540000000000,2.000000000000
1504278176,4811.180000000000,0.154100000000
1504278177,4811.180000000000,0.310000000000
1504278178,4811.180000000000,0.048200000000
1504278184,4811.190000000000,0.000100000000
1504278184,4814.650000000000,0.026100000000
1504278204,4814.540000000000,0.020800000000
1504278204,4814.540000000000,0.290000000000
1504278209,4814.340000000000,2.595900000000
1504278209,4814.690000000000,1.241400000000
1504278224,4814.240000000000,0.008900000000
1504278224,4814.240000000000,0.052600000000
1504278230,4814.240000000000,1.893700000000
1504278233,4813.450000000000,2.000000000000
1504278238,4816.710000000000,0.020300000000
1504278249,4816.660000000000,0.055500000000
1504278263,4816.660000000000,0.000100000000
1504278266,4816.660000000000,0.008000000000
1504278289,4815.950000000000,0.052600000000
1504278293,4815.950000000000,0.089200000000
1504278301,4816.820000000000,0.003600000000
1504278324,4813.470000000000,0.040000000000
1504278328,4813.470000000000,0.103000000000
1504278329,4813.470000000000,1.770000000000
1504278331,4817.050000000000,0.984100000000
1504278338,4815.170000000000,0.038500000000
1504278347,4813.940000000000,2.052100000000
1504278347,4813.000000000000,1.950900000000
1504278347,4813.000000000000,0.997000000000
1504278351,4815.000000000000,1.713300000000
1504278352,4816.380000000000,0.036700000000
1504278354,4816.380000000000,0.003600000000
1504278357,4816.330000000000,0.008100000000
1504278362,4815.600000000000,0.026300000000
1504278375,4815.600000000000,0.003600000000
1504278380,4816.500000000000,0.117700000000
1504278394,4816.540000000000,0.040900000000
1504278406,4812.930000000000,1.011700000000
1504278406,4812.930000000000,0.122900000000
1504278410,4816.450000000000,0.173200000000
1504278417,4812.880000000000,0.461400000000
1504278417,4812.880000000000,0.310400000000
1504278418,4812.880000000000,0.625900000000
1504278432,4815.160000000000,0.019700000000
1504278435,4815.160000000000,0.003600000000
1504278458,4812.880000000000,0.014000000000
1504278485,4811.620000000000,0.000300000000
1504278487,4814.270000000000,0.036100000000
1504278491,4814.320000000000,0.040700000000
1504278497,4813.580000000000,0.072200000000
1504278548,4814.070000000000,0.100000000000
1504278548,4814.930000000000,0.635400000000
1504278565,4814.930000000000,0.133100000000
1504278565,4814.930000000000,0.012000000000
1504278600,4814.880000000000,1.000000000000
1504278610,4814.880000000000,0.000500000000
1504278634,4814.960000000000,0.024000000000
1504278638,4814.960000000000,0.358200000000
1504278643,4815.010000000000,0.024000000000
1504278657,4813.470000000000,0.052500000000
1504278658,4813.470000000000,2.150500000000
1504278674,4815.010000000000,0.000800000000
1504278677,4815.010000000000,0.009100000000
1504278680,4815.010000000000,4.966100000000
1504278686,4815.010000000000,2.000000000000
1504278715,4815.010000000000,0.013100000000
1504278718,4815.010000000000,0.072100000000
1504278740,4815.010000000000,0.029900000000
1504278748,4824.180000000000,0.008000000000
1504278794,4817.510000000000,0.110000000000
1504278796,4817.510000000000,0.010300000000
1504278797,4817.510000000000,2.000000000000
1504278805,4818.810000000000,0.003600000000
1504278828,4820.960000000000,0.061000000000
1504278870,4821.970000000000,0.036000000000
1504278900,4821.970000000000,0.002400000000
1504278915,4821.970000000000,0.005100000000
1504278987,4822.650000000000,0.014400000000
1504278993,4822.650000000000,0.009600000000
1504279001,4821.260000000000,3.192100000000
1504279002,4821.260000000000,1.807900000000
1504279034,4819.890000000000,0.005400000000
1504279066,4822.010000000000,0.300000000000
1504279086,4822.010000000000,0.300000000000
1504279095,4823.910000000000,0.012900000000
1504279145,4822.010000000000,0.300000000000
1504279161,4823.550000000000,0.061000000000
1504279237,4823.230000000000,0.024000000000
1504279304,4823.230000000000,0.012000000000
1504279318,4822.010000000000,1.544000000000
1504279318,4822.010000000000,2.556000000000
1504279319,4821.610000000000,1.062400000000
1504279319,4821.610000000000,0.937600000000
1504279319,4821.710000000000,1.751200000000
1504279319,4821.710000000000,0.319800000000
1504279330,4822.670000000000,0.004800000000
1504279379,4823.230000000000,0.002600000000
1504279387,4823.230000000000,0.003300000000
1504279420,4826.650000000000,0.010100000000
1504279421,4826.650000000000,0.002600000000
1504279445,4822.990000000000,0.300000000000
1504279485,4827.420000000000,0.026200000000
1504279497,4827.420000000000,0.024000000000
1504279506,4823.710000000000,0.100000000000
1504279545,4827.420000000000,0.060900000000
1504279569,4827.420000000000,0.005200000000
1504279581,4828.040000000000,2.067000000000
1504279587,4830.570000000000,1.764900000000
1504279649,4834.010000000000,0.060900000000
1504279658,4836.870000000000,0.006000000000
1504279667,4836.380000000000,0.002600000000
1504279718,4835.880000000000,0.060900000000
1504279733,4837.890000000000,0.005500000000
1504279757,4834.130000000000,2.000000000000
1504279765,4838.310000000000,0.036000000000
1504279775,4837.520000000000,0.048000000000
1504279788,4835.640000000000,0.072000000000
1504279808,4836.480000000000,0.026200000000
1504279810,4834.870000000000,0.112600000000
1504279810,4835.330000000000,0.410600000000
1504279811,4834.870000000000,0.172200000000
1504279819,4834.870000000000,2.824400000000
1504279856,4832.110000000000,0.000100000000
1504279859,4834.690000000000,0.013000000000
1504279870,4834.680000000000,1.890700000000
1504279902,4833.180000000000,0.030700000000
1504279937,4831.380000000000,5.000000000000
1504279941,4831.340000000000,0.010100000000
1504279951,4831.390000000000,0.013000000000
1504279965,4831.330000000000,0.009000000000
1504279993,4830.620000000000,0.003600000000
1504279997,4831.290000000000,0.937600000000
1504279997,4830.620000000000,1.645900000000
1504280054,4831.500000000000,0.100000000000
1504280054,4831.540000000000,2.069000000000
1504280092,4833.340000000000,1.778000000000
1504280092,4831.700000000000,3.222000000000
1504280138,4832.000000000000,0.070000000000
1504280140,4832.000000000000,0.052300000000
1504280146,4834.040000000000,0.412200000000
1504280153,4833.060000000000,0.010000000000
1504280155,4833.060000000000,0.040000000000
1504280161,4833.060000000000,1.112400000000
1504280194,4835.180000000000,0.052400000000
1504280224,4835.700000000000,2.000000000000
1504280224,4835.210000000000,2.070000000000
1504280224,4835.180000000000,4.825300000000
1504280225,4838.090000000000,0.204700000000
1504280234,4836.420000000000,0.071900000000
1504280260,4837.160000000000,0.026100000000
1504280281,4837.200000000000,0.002300000000
1504280305,4835.000000000000,0.011900000000
1504280308,4834.870000000000,0.081100000000
1504280319,4834.870000000000,0.003000000000
1504280322,4834.870000000000,1.759000000000
1504280328,4834.870000000000,1.529500000000
1504280329,4834.870000000000,0.823900000000
1504280371,4833.630000000000,0.000300000000
1504280383,4834.990000000000,0.013000000000
1504280391,4834.870000000000,0.587700000000
1504280397,4833.720000000000,0.863500000000
1504280397,4834.870000000000,3.099400000000
1504280401,4834.990000000000,0.071800000000
1504280449,4835.000000000000,0.060800000000
1504280451,4835.000000000000,0.071700000000
1504280454,4834.870000000000,2.443300000000
1504280456,4834.870000000000,0.416800000000
1504280462,4834.850000000000,1.185500000000
1504280462,4834.060000000000,2.066000000000
1504280498,4835.980000000000,2.140400000000
1504280498,4835.000000000000,1.855600000000
1504280524,4836.000000000000,0.010700000000
1504280680,4835.970000000000,0.002400000000
1504280725,4836.790000000000,0.052200000000
1504280755,4836.790000000000,0.010700000000
1504280778,4836.500000000000,0.000100000000
1504280778,4834.920000000000,0.308800000000
1504280778,4835.050000000000,0.100000000000
1504280782,4836.500000000000,1.255900000000
1504280789,4836.550000000000,1.731600000000
1504280807,4838.500000000000,0.009300000000
1504280815,4838.450000000000,0.011900000000
1504280836,4836.150000000000,0.956400000000
1504280839,4839.830000000000,0.023800000000
1504280839,4836.160000000000,0.000100000000
1504280854,4839.830000000000,0.012500000000
1504280883,4838.860000000000,0.059800000000
1504280884,4836.090000000000,2.628800000000
1504280884,4834.870000000000,0.304100000000
1504280884,4834.920000000000,2.067000000000
1504280887,4836.100000000000,0.000100000000
1504280893,4837.030000000000,0.052300000000
1504280910,4837.030000000000,0.001200000000
1504280941,4838.110000000000,0.071800000000
1504280948,4839.880000000000,2.066000000000
1504280948,4839.880000000000,2.934000000000
1504280948,4839.830000000000,2.066000000000
1504280949,4840.000000000000,0.023100000000
1504280949,4839.920000000000,2.885400000000
1504280952,4840.000000000000,4.909200000000
1504280952,4840.000000000000,0.025500000000
1504280954,4840.000000000000,0.213300000000
1504280954,4840.000000000000,0.090800000000
1504280957,4840.000000000000,0.065300000000
1504280965,4840.010000000000,0.026100000000
1504280968,4840.010000000000,0.002400000000
1504280983,4840.510000000000,0.010400000000
1504280996,4840.010000000000,0.008300000000
1504281039,4840.000000000000,2.526500000000
1504281040,4840.000000000000,1.872200000000
1504281040,4840.000000000000,2.095200000000
1504281040,4840.000000000000,0.322700000000
1504281049,4840.010000000000,0.026100000000
1504281058,4840.000000000000,0.010000000000
1504281066,4840.000000000000,0.100000000000
1504281119,4840.010000000000,0.026100000000
1504281126,4840.000000000000,0.100000000000
1504281154,4840.010000000000,0.064300000000
1504281169,4840.010000000000,0.052200000000
1504281180,4840.000000000000,1.434700000000
1504281186,4840.000000000000,0.100000000000
1504281232,4840.010000000000,0.009500000000
1504281234,4840.010000000000,3.297500000000
1504281238,4840.010000000000,0.315300000000
1504281238,4840.010000000000,1.684700000000
1504281239,4840.010000000000,0.584700000000
1504281242,4841.000000000000,0.008300000000
1504281256,4844.440000000000,0.059700000000
1504281346,4841.080000000000,0.219100000000
1504281354,4844.880000000000,0.052200000000
1504281373,4845.120000000000,0.011900000000
1504281392,4843.200000000000,0.047700000000
1504281415,4840.000000000000,0.276900000000
1504281415,4840.000000000000,1.160100000000
1504281415,4840.050000000000,2.063000000000
1504281415,4840.010000000000,2.000000000000
1504281429,4843.200000000000,0.361700000000
1504281430,4843.200000000000,0.554300000000
1504281467,4843.210000000000,0.002300000000
1504281467,4843.210000000000,0.000100000000
1504281471,4843.200000000000,5.500000000000
1504281476,4843.210000000000,0.011900000000
1504281496,4843.210000000000,0.026100000000
1504281516,4843.200000000000,0.185900000000
1504281518,4843.200000000000,0.250200000000
1504281519,4843.200000000000,0.036000000000
1504281523,4843.200000000000,0.093100000000
1504281524,4840.050000000000,0.000200000000
1504281524,4843.200000000000,0.018800000000
1504281527,4840.490000000000,0.008600000000
1504281529,4840.490000000000,0.439400000000
1504281531,4840.440000000000,0.212100000000
1504281533,4840.500000000000,0.071600000000
1504281535,4840.440000000000,0.004100000000
1504281536,4840.450000000000,0.000300000000
1504281536,4840.450000000000,1.655400000000
1504281578,4842.310000000000,0.023800000000
1504281585,4840.000000000000,3.676400000000
1504281651,4842.030000000000,0.071500000000
1504281651,4840.010000000000,0.000100000000
1504281659,4842.040000000000,0.002300000000
1504281673,4840.000000000000,1.054100000000
1504281673,4840.000000000000,0.394000000000
1504281673,4840.000000000000,1.046700000000
1504281677,4840.000000000000,0.920200000000
1504281687,4840.000000000000,0.083000000000
1504281687,4840.000000000000,0.138300000000
1504281699,4840.000000000000,0.153000000000
1504281699,4840.000000000000,2.353500000000
1504281699,4840.000000000000,2.410400000000
1504281704,4840.000000000000,0.082800000000
1504281738,4840.000000000000,0.361800000000
1504281739,4840.000000000000,1.722600000000
1504281744,4840.000000000000,1.000000000000
1504281744,4840.000000000000,0.479300000000
1504281750,4835.000000000000,0.000300000000
1504281751,4835.030000000000,2.403100000000
1504281752,4835.000000000000,0.001800000000
1504281754,4835.280000000000,2.307500000000
1504281765,4834.530000000000,1.000000000000
1504281782,4836.430000000000,0.358500000000
1504281782,4836.430000000000,0.297100000000
1504281787,4834.000000000000,5.000000000000
1504281789,4832.650000000000,0.390200000000
1504281792,4832.660000000000,0.000100000000
1504281794,4833.760000000000,0.001100000000
1504281824,4836.490000000000,0.001900000000
1504281833,4837.000000000000,0.011900000000
1504281851,4839.780000000000,0.006500000000
1504281862,4835.860000000000,0.004600000000
1504281883,4835.810000000000,0.015700000000
1504281889,4835.860000000000,0.050800000000
1504281917,4835.440000000000,2.324300000000
1504281918,4835.170000000000,2.675600000000
1504281956,4834.100000000000,0.000100000000
1504281985,4836.430000000000,0.003600000000
1504282007,4833.000000000000,0.182000000000
1504282008,4833.000000000000,0.013000000000
1504282009,4834.590000000000,0.380400000000
1504282016,4835.820000000000,0.247300000000
1504282024,4833.020000000000,0.163500000000
1504282024,4833.020000000000,0.004000000000
1504282026,4834.790000000000,0.005200000000
1504282026,4833.030000000000,0.000200000000
1504282030,4833.000000000000,0.012000000000
1504282034,4834.740000000000,0.052300000000
1504282042,4834.430000000000,4.793000000000
1504282078,4834.430000000000,0.207000000000
1504282080,4834.910000000000,0.009000000000
1504282090,4834.600000000000,1.903000000000
1504282148,4835.090000000000,0.003600000000
1504282148,4835.090000000000,0.004700000000
1504282153,4835.090000000000,2.283700000000
1504282154,4835.090000000000,2.525200000000
1504282156,4835.090000000000,0.021700000000
1504282172,4835.090000000000,0.052000000000
1504282173,4835.090000000000,0.006500000000
1504282194,4834.870000000000,0.060000000000
1504282196,4834.870000000000,0.100000000000
1504282199,4837.590000000000,0.050500000000
1504282202,4837.590000000000,0.004000000000
1504282205,4834.870000000000,1.326100000000
1504282206,4834.870000000000,0.238900000000
1504282216,4834.870000000000,0.047100000000
1504282216,4834.870000000000,0.188400000000
1504282226,4836.700000000000,0.023700000000
1504282226,4834.880000000000,0.000200000000
1504282236,4836.700000000000,0.007200000000
1504282244,4834.870000000000,0.709800000000
1504282259,4837.160000000000,0.052200000000
1504282259,4834.880000000000,0.000100000000
1504282270,4835.510000000000,0.005200000000
1504282274,4837.180000000000,0.006300000000
1504282276,4834.870000000000,4.919800000000
1504282282,4833.850000000000,0.080200000000
1504282286,4833.850000000000,0.800000000000
1504282295,4833.050000000000,1.842200000000
1504282295,4833.090000000000,3.065500000000
1504282300,4834.160000000000,0.011000000000
1504282302,4829.750000000000,1.000000000000
1504282303,4832.580000000000,0.100000000000
1504282306,4829.760000000000,3.116200000000
1504282310,4832.890000000000,0.039700000000
1504282319,4829.400000000000,1.666900000000
1504282327,4829.670000000000,0.100000000000
1504282331,4832.280000000000,0.014400000000
1504282347,4832.220000000000,0.431700000000
1504282359,4823.780000000000,0.581700000000
1504282359,4831.650000000000,0.401900000000
1504282385,4831.740000000000,0.011900000000
1504282386,4831.740000000000,0.071800000000
1504282387,4827.630000000000,0.100000000000
1504282404,4828.560000000000,1.350700000000
1504282405,4828.560000000000,0.527300000000
1504282407,4828.570000000000,0.000100000000
1504282407,4831.740000000000,0.026000000000
1504282411,4828.060000000000,0.000100000000
1504282411,4828.050000000000,0.751300000000
1504282417,4828.530000000000,0.465400000000
1504282418,4829.840000000000,0.897400000000
1504282419,4828.530000000000,0.000100000000
1504282419,4828.530000000000,0.084500000000
1504282423,4829.790000000000,0.800000000000
1504282436,4829.840000000000,0.451300000000
1504282440,4829.790000000000,0.094600000000
1504282442,4829.790000000000,0.016300000000
1504282445,4831.010000000000,0.034400000000
1504282465,4832.670000000000,0.200300000000
1504282471,4832.670000000000,0.250200000000
1504282478,4832.550000000000,4.549500000000
1504282482,4832.670000000000,0.007300000000
1504282486,4832.130000000000,0.201200000000
1504282493,4831.990000000000,0.083100000000
1504282498,4833.050000000000,0.287700000000
1504282504,4832.660000000000,0.716700000000
1504282505,4832.130000000000,0.001900000000
1504282518,4833.060000000000,2.000000000000
1504282524,4829.500000000000,0.129500000000
1504282524,4829.500000000000,0.674500000000
1504282525,4829.500000000000,0.595400000000
1504282526,4829.500000000000,0.039300000000
1504282526,4829.500000000000,0.452500000000
1504282527,4829.510000000000,0.000100000000
1504282528,4833.100000000000,2.067000000000
1504282531,4830.260000000000,0.000100000000
1504282535,4834.340000000000,0.026100000000
1504282537,4834.290000000000,2.066000000000
1504282542,4830.910000000000,0.020700000000
1504282542,4830.910000000000,0.133100000000
1504282542,4834.330000000000,0.866900000000
1504282564,4834.720000000000,0.003600000000
1504282574,4834.720000000000,0.026100000000
1504282577,4834.720000000000,0.006400000000
1504282600,4833.920000000000,0.003000000000
1504282615,4833.920000000000,0.275500000000
1504282629,4829.060000000000,1.000000000000
1504282667,4834.110000000000,0.005200000000
1504282673,4834.010000000000,0.011900000000
1504282694,4832.030000000000,0.004200000000
1504282711,4831.040000000000,0.004700000000
1504282719,4829.920000000000,2.000000000000
1504282719,4831.040000000000,0.100000000000
1504282730,4834.670000000000,0.002300000000
1504282733,4834.310000000000,0.030000000000
1504282735,4834.310000000000,0.069700000000
1504282735,4834.310000000000,0.000100000000
1504282751,4834.670000000000,0.011900000000
1504282752,4834.670000000000,0.036600000000
1504282752,4834.670000000000,0.026100000000
1504282753,4830.810000000000,1.471300000000
1504282754,4834.140000000000,1.519800000000
1504282759,4830.400000000000,0.111600000000
1504282764,4830.400000000000,0.182300000000
1504282830,4828.390000000000,0.000200000000
1504282846,4832.230000000000,0.052300000000
1504282898,4833.000000000000,0.004200000000
1504282908,4833.000000000000,0.845900000000
1504282912,4833.000000000000,0.370700000000
1504282930,4833.000000000000,0.015400000000
1504282931,4830.900000000000,1.000000000000
1504282931,4830.900000000000,0.124300000000
1504282936,4833.000000000000,0.776100000000
1504282947,4830.900000000000,0.114800000000
1504282947,4833.000000000000,0.005400000000
1504282984,4833.980000000000,0.026100000000
1504283005,4833.350000000000,0.013000000000
1504283022,4833.350000000000,1.000000000000
1504283035,4833.350000000000,0.092500000000
1504283039,4833.350000000000,0.010000000000
1504283047,4833.350000000000,0.030000000000
1504283048,4832.230000000000,0.517000000000
1504283069,4834.020000000000,4.657200000000
1504283074,4834.070000000000,0.083500000000
1504283077,4834.070000000000,0.136400000000
1504283083,4833.220000000000,0.011900000000
1504283083,4833.220000000000,0.002600000000
1504283093,4834.030000000000,0.047900000000
1504283106,4834.030000000000,0.003200000000
1504283107,4834.030000000000,0.026100000000
1504283137,4834.020000000000,0.064400000000
1504283146,4833.970000000000,0.039200000000
1504283147,4833.970000000000,0.009600000000
1504283155,4834.020000000000,0.010900000000
1504283174,4835.910000000000,0.047100000000
1504283174,4835.910000000000,0.002300000000
1504283181,4835.960000000000,0.023900000000
1504283185,4835.960000000000,0.027500000000
1504283195,4834.990000000000,2.451900000000
1504283211,4836.630000000000,0.010700000000
1504283211,4836.630000000000,0.052300000000
1504283229,4836.040000000000,0.041500000000
1504283233,4834.990000000000,1.902200000000
1504283237,4835.180000000000,0.021800000000
1504283264,4835.930000000000,0.005300000000
1504283292,4834.990000000000,0.645900000000
1504283292,4833.520000000000,2.066000000000
1504283292,4833.470000000000,2.288000000000
1504283303,4831.350000000000,0.000100000000
1504283360,4833.400000000000,0.007300000000
1504283386,4833.400000000000,0.023900000000
1504283451,4833.420000000000,0.014400000000
1504283469,4834.990000000000,0.172600000000
1504283473,4834.990000000000,2.542100000000
1504283525,4834.950000000000,0.765900000000
1504283542,4834.950000000000,1.187700000000
1504283542,4834.950000000000,0.331700000000
1504283543,4833.010000000000,1.438300000000
1504283544,4833.010000000000,0.245600000000
1504283573,4831.810000000000,0.000300000000
1504283576,4831.810000000000,2.065700000000
1504283576,4831.710000000000,0.034300000000
1504283592,4833.130000000000,2.065000000000
1504283592,4833.070000000000,2.457000000000
1504283592,4831.010000000000,0.477900000000
1504283609,4831.220000000000,0.000100000000
1504283621,4836.360000000000,0.005800000000
1504283644,4836.310000000000,0.025300000000
1504283670,4834.990000000000,1.379000000000
1504283690,4834.990000000000,3.621000000000
1504283699,4835.720000000000,0.007800000000
1504283724,4835.670000000000,0.006300000000
1504283739,4831.020000000000,0.071800000000
1504283795,4832.200000000000,1.723600000000
1504283844,4834.160000000000,0.039200000000
1504283868,4835.480000000000,0.051000000000
1504283885,4835.480000000000,0.002300000000
1504283940,4833.390000000000,0.023900000000
1504283946,4833.440000000000,0.011900000000
1504283955,4834.060000000000,0.010400000000
1504283972,4830.000000000000,0.001700000000
1504283972,4830.000000000000,0.000100000000
1504283982,4830.560000000000,1.785400000000
1504283982,4830.000000000000,0.391700000000
1504283987,4830.000000000000,0.134200000000
1504283990,4830.000000000000,0.134200000000
1504283990,4830.000000000000,2.431600000000
1504283991,4829.430000000000,1.482200000000
1504283991,4829.430000000000,0.517800000000
1504283992,4827.850000000000,0.299700000000
1504283992,4827.850000000000,0.134200000000
1504284000,4827.850000000000,0.945500000000
1504284001,4827.260000000000,1.725400000000
1504284006,4827.100000000000,0.028700000000
1504284020,4829.180000000000,1.475100000000
1504284020,4829.180000000000,0.506900000000
1504284021,4829.180000000000,0.507000000000
1504284022,4830.220000000000,1.596300000000
1504284022,4829.760000000000,0.507000000000
1504284023,4829.760000000000,0.407400000000
1504284025,4826.490000000000,0.035900000000
1504284027,4826.490000000000,1.839900000000
1504284029,4829.660000000000,0.108000000000
1504284030,4829.660000000000,0.461600000000
1504284033,4829.660000000000,0.121900000000
1504284034,4829.660000000000,0.921800000000
1504284034,4829.660000000000,0.456700000000
1504284034,4831.910000000000,0.294900000000
1504284035,4831.910000000000,1.526000000000
1504284036,4831.910000000000,0.179100000000
1504284036,4832.600000000000,0.100000000000
1504284037,4832.610000000000,0.829400000000
1504284042,4832.610000000000,0.569600000000
1504284043,4832.610000000000,3.321300000000
1504284045,4832.610000000000,0.001400000000
1504284056,4832.610000000000,0.278300000000
1504284056,4833.420000000000,1.982100000000
1504284059,4833.420000000000,1.908300000000
1504284060,4833.420000000000,0.000100000000
1504284066,4833.430000000000,0.040500000000
1504284069,4833.430000000000,0.013000000000
1504284090,4837.230000000000,0.023900000000
1504284093,4836.000000000000,2.000000000000
1504284104,4837.220000000000,0.000600000000
1504284130,4833.050000000000,0.100000000000
1504284186,4837.230000000000,0.070000000000
1504284189,4837.230000000000,0.071900000000
1504284189,4834.240000000000,0.100000000000
1504284213,4836.120000000000,0.005900000000
1504284225,4836.070000000000,0.052300000000
1504284232,4836.120000000000,0.014700000000
1504284251,4834.000000000000,0.100000000000
1504284261,4834.240000000000,1.606200000000
1504284261,4833.170000000000,3.293800000000
1504284263,4834.280000000000,0.007300000000
1504284275,4834.230000000000,0.001200000000
1504284317,4836.130000000000,0.010900000000
1504284325,4836.130000000000,0.006600000000
1504284328,4836.130000000000,0.021800000000
1504284336,4837.400000000000,0.009100000000
1504284373,4837.270000000000,0.052300000000
1504284375,4833.010000000000,2.067000000000
1504284375,4833.020000000000,0.100000000000
1504284380,4832.610000000000,0.000100000000
1504284383,4832.610000000000,0.133500000000
1504284386,4833.140000000000,0.007300000000
1504284392,4831.760000000000,2.832900000000
1504284397,4835.290000000000,0.071800000000
1504284433,4837.240000000000,0.010900000000
1504284434,4834.090000000000,1.761100000000
1504284441,4834.090000000000,0.478500000000
1504284441,4834.090000000000,0.428200000000
1504284457,4836.320000000000,0.023800000000
1504284457,4834.100000000000,0.000100000000
1504284469,4834.090000000000,2.139900000000
1504284470,4834.090000000000,1.953400000000
1504284483,4833.690000000000,0.028300000000
1504284509,4837.680000000000,0.357300000000
1504284511,4837.680000000000,0.011900000000
1504284519,4833.480000000000,0.007300000000
1504284566,4828.640000000000,0.996000000000
1504284566,4830.000000000000,1.938700000000
1504284566,4831.780000000000,2.065200000000
1504284572,4829.800000000000,2.498500000000
1504284592,4825.710000000000,0.026100000000
1504284593,4825.710000000000,4.973300000000
1504284596,4826.200000000000,0.026700000000
1504284631,4826.940000000000,0.023900000000
1504284649,4825.010000000000,0.000100000000
1504284649,4825.760000000000,0.003500000000
1504284657,4825.760000000000,0.004500000000
1504284663,4825.660000000000,0.002300000000
1504284683,4825.000000000000,0.026000000000
1504284683,4825.000000000000,0.100000000000
1504284703,4826.320000000000,0.023900000000
1504284704,4826.320000000000,0.010800000000
1504284713,4825.330000000000,2.699700000000
1504284713,4825.330000000000,0.410100000000
1504284713,4824.240000000000,1.890200000000
1504284819,4825.600000000000,0.003600000000
1504284836,4825.600000000000,0.010800000000
1504284838,4825.600000000000,0.039300000000
1504284853,4825.600000000000,0.072000000000
1504284864,4825.600000000000,0.005400000000
1504284875,4825.600000000000,0.070100000000
1504284915,4826.650000000000,0.007100000000
1504284927,4826.650000000000,0.002400000000
1504284929,4826.700000000000,0.005900000000
1504284940,4826.650000000000,0.040600000000
1504284957,4825.330000000000,0.015600000000
1504284977,4826.680000000000,0.013100000000
1504284993,4826.680000000000,0.024000000000
1504285005,4828.020000000000,0.002600000000
1504285011,4825.560000000000,0.020900000000
1504285020,4825.570000000000,0.010800000000
1504285023,4825.570000000000,0.052400000000
1504285024,4825.570000000000,0.072000000000
1504285029,4827.780000000000,0.004000000000
1504285035,4825.330000000000,3.172300000000
1504285041,4828.020000000000,0.005200000000
1504285074,4828.400000000000,0.006000000000
1504285091,4825.960000000000,0.002400000000
1504285108,4825.960000000000,0.052300000000
1504285125,4825.960000000000,0.026200000000
1504285142,4827.000000000000,4.133000000000
1504285203,4828.360000000000,0.024000000000
1504285213,4826.440000000000,0.060000000000
1504285245,4827.490000000000,0.010300000000
1504285266,4828.520000000000,0.052300000000
1504285269,4825.330000000000,5.000000000000
1504285294,4828.520000000000,0.002600000000
1504285315,4827.480000000000,0.013200000000
1504285339,4824.370000000000,0.100000000000
1504285348,4824.370000000000,1.908800000000
1504285348,4823.200000000000,2.000000000000
1504285348,4822.900000000000,0.361200000000
1504285352,4827.480000000000,0.000200000000
1504285365,4827.480000000000,0.010800000000
1504285401,4825.330000000000,0.100000000000
1504285446,4828.090000000000,0.012900000000
1504285479,4828.110000000000,0.049100000000
1504285535,4829.910000000000,2.744300000000
1504285632,4829.930000000000,0.011900000000
1504285640,4829.930000000000,0.057400000000
1504285653,4829.920000000000,2.000000000000
1504285658,4829.240000000000,2.901500000000
1504285659,4829.970000000000,0.098500000000
1504285674,4830.490000000000,0.013100000000
1504285708,4830.340000000000,0.043000000000
1504285719,4830.340000000000,0.004700000000
1504285754,4829.970000000000,2.926000000000
1504285754,4829.970000000000,1.975500000000
1504285864,4833.970000000000,0.023900000000
1504285939,4830.210000000000,2.297000000000
1504285939,4829.990000000000,2.703000000000
1504285939,4829.990000000000,0.822600000000
1504285967,4831.450000000000,0.060800000000
1504285972,4831.450000000000,1.190000000000
1504285989,4829.770000000000,0.052900000000
1504286017,4829.690000000000,2.563100000000
1504286021,4829.990000000000,0.002100000000
1504286021,4829.740000000000,2.000000000000
1504286023,4829.360000000000,0.011900000000
1504286038,4829.360000000000,0.007100000000
1504286074,4829.360000000000,0.005200000000
1504286091,4829.720000000000,2.877000000000
1504286092,4829.720000000000,2.534000000000
1504286093,4829.720000000000,0.071800000000
1504286125,4834.550000000000,0.100000000000
1504286125,4834.540000000000,2.832900000000
1504286125,4834.540000000000,2.167100000000
1504286131,4830.320000000000,0.000300000000
1504286140,4833.610000000000,0.048000000000
1504286152,4829.990000000000,0.937700000000
1504286177,4833.300000000000,0.100000000000
1504286196,4834.110000000000,0.006300000000
1504286226,4834.160000000000,0.026100000000
1504286230,4834.110000000000,2.068000000000
1504286280,4834.650000000000,0.100000000000
1504286280,4834.540000000000,2.832800000000
1504286280,4834.640000000000,2.067000000000
1504286281,4834.540000000000,2.167200000000
1504286282,4834.510000000000,2.347500000000
1504286282,4831.980000000000,0.020000000000
1504286282,4831.440000000000,0.465200000000
1504286290,4831.870000000000,0.000100000000
1504286339,4831.710000000000,1.771000000000
1504286341,4831.710000000000,2.746800000000
1504286341,4831.710000000000,0.482000000000
1504286343,4831.830000000000,0.023900000000
1504286343,4831.830000000000,0.052200000000
1504286374,4833.910000000000,2.067000000000
1504286426,4833.950000000000,0.429600000000
1504286437,4832.230000000000,2.066000000000
1504286437,4832.280000000000,0.900800000000
1504286438,4832.280000000000,0.005900000000
1504286438,4832.280000000000,0.071700000000
1504286442,4832.280000000000,1.021600000000
1504286443,4836.370000000000,0.020200000000
1504286450,4836.320000000000,0.010000000000
1504286579,4833.790000000000,0.013000000000
1504286582,4833.910000000000,0.018200000000
1504286593,4832.160000000000,2.069000000000
1504286593,4831.280000000000,0.131000000000
1504286593,4833.800000000000,1.407700000000
1504286601,4831.500000000000,0.009000000000
1504286603,4832.970000000000,0.200000000000
1504286630,4833.800000000000,4.770300000000
1504286634,4833.000000000000,0.003600000000
1504286647,4833.000000000000,1.780100000000
1504286648,4833.000000000000,2.437800000000
1504286696,4832.950000000000,0.019500000000
1504286713,4832.950000000000,0.028900000000
1504286768,4832.990000000000,0.004700000000
1504286814,4832.990000000000,0.009000000000
1504286841,4833.000000000000,0.035000000000
1504286898,4833.000000000000,0.018000000000
1504286943,4833.000000000000,0.052200000000
1504286981,4833.000000000000,0.955900000000
1504286987,4833.000000000000,0.198300000000
1504286990,4833.000000000000,0.052200000000
1504286999,4833.000000000000,0.007100000000
1504287047,4833.000000000000,2.840600000000
1504287061,4832.990000000000,4.999900000000
1504287061,4832.990000000000,0.000100000000
1504287062,4832.290000000000,0.100000000000
1504287062,4831.920000000000,1.720200000000
1504287062,4831.430000000000,2.749100000000
1504287062,4831.430000000000,0.430500000000
1504287074,4831.290000000000,0.000100000000
1504287074,4831.390000000000,0.003500000000
1504287128,4833.000000000000,0.004300000000
1504287185,4833.000000000000,0.007100000000
1504287236,4833.000000000000,0.003600000000
1504287241,4833.000000000000,2.252000000000
1504287257,4833.000000000000,0.023900000000
1504287359,4837.000000000000,2.240800000000
1504287360,4837.000000000000,2.019900000000
1504287373,4837.000000000000,3.112500000000
1504287412,4837.000000000000,2.244500000000
1504287427,4837.780000000000,0.052100000000
1504287448,4838.190000000000,0.026100000000
1504287465,4837.000000000000,0.877600000000
1504287479,4837.920000000000,0.052200000000
1504287576,4840.000000000000,0.007100000000
1504287576,4840.000000000000,0.050600000000
1504287595,4840.000000000000,0.071600000000
1504287618,4839.980000000000,2.122200000000
1504287620,4840.000000000000,0.011900000000
1504287639,4840.000000000000,0.043300000000
1504287697,4840.000000000000,0.071600000000
1504287697,4840.000000000000,0.071600000000
1504287703,4839.990000000000,0.007200000000
1504287709,4839.990000000000,0.100000000000
1504287709,4840.000000000000,1.988900000000
1504287737,4840.000000000000,0.002100000000
1504287754,4840.000000000000,0.014800000000
1504287776,4840.000000000000,0.035800000000
1504287839,4839.990000000000,0.427100000000
1504287839,4839.990000000000,0.000100000000
1504287916,4840.000000000000,0.018000000000
1504287924,4840.000000000000,0.004700000000
1504287934,4840.000000000000,0.004100000000
1504287934,4840.000000000000,0.052100000000
1504287942,4840.000000000000,0.003600000000
1504287963,4840.000000000000,0.009400000000
1504287976,4840.000000000000,0.052100000000
1504288014,4840.000000000000,2.338200000000
1504288015,4840.000000000000,0.005000000000
1504288040,4839.980000000000,2.000000000000
1504288040,4839.980000000000,1.532000000000
1504288070,4840.000000000000,0.071600000000
1504288106,4840.000000000000,0.011900000000
1504288115,4839.980000000000,0.100000000000
1504288123,4839.990000000000,0.026000000000
1504288124,4839.980000000000,0.100000000000
1504288134,4839.980000000000,0.100000000000
1504288142,4839.980000000000,0.100000000000
1504288152,4839.980000000000,0.100000000000
1504288156,4839.990000000000,0.003600000000
1504288162,4839.980000000000,0.100000000000
1504288171,4839.980000000000,0.100000000000
1504288180,4839.980000000000,0.100000000000
1504288190,4839.980000000000,0.100000000000
1504288199,4839.980000000000,0.100000000000
1504288208,4839.980000000000,0.100000000000
1504288216,4839.990000000000,0.004100000000
1504288218,4839.980000000000,0.100000000000
1504288223,4839.990000000000,0.003500000000
1504288227,4839.980000000000,0.100000000000
1504288235,4839.990000000000,0.071600000000
1504288236,4839.980000000000,0.100000000000
1504288245,4839.980000000000,0.100000000000
1504288255,4839.980000000000,0.100000000000
1504288264,4839.980000000000,0.100000000000
