1491933875,1224.990000000000,0.070900000000
1491933986,1224.990000000000,0.014500000000
1491934011,1224.990000000000,0.007200000000
1491934075,1224.990000000000,0.014500000000
1491934107,1224.990000000000,2.392900000000
1491934194,1225.260000000000,0.083200000000
1491934280,1225.260000000000,0.144600000000
1491934344,1224.940000000000,0.140000000000
1491934423,1225.420000000000,0.038300000000
1491934469,1225.420000000000,0.018100000000
1491934567,1225.420000000000,0.007200000000
1491934575,1225.420000000000,0.003600000000
1491934696,1225.420000000000,0.014500000000
1491934719,1225.420000000000,0.007200000000
1491934758,1225.310000000000,0.086800000000
1491934784,1225.100000000000,0.007200000000
1491934796,1225.100000000000,0.043400000000
1491934816,1225.100000000000,0.021700000000
1491934880,1225.100000000000,0.018100000000
1491934949,1225.100000000000,0.416100000000
1491934972,1225.100000000000,0.014500000000
1491934975,1225.100000000000,0.050600000000
1491934979,1225.100000000000,0.039800000000
1491934997,1224.900000000000,0.014500000000
1491935011,1224.550000000000,0.000100000000
1491935021,1224.900000000000,0.027500000000
1491935045,1224.900000000000,0.007200000000
1491935101,1224.550000000000,0.000400000000
1491935108,1224.900000000000,0.004300000000
1491935139,1224.900000000000,0.022400000000
1491935238,1224.900000000000,0.039100000000
1491935292,1224.320000000000,0.010000000000
1491935292,1224.320000000000,4.312600000000
1491935293,1224.330000000000,0.021000000000
1491935317,1224.320000000000,0.028900000000
1491935336,1224.180000000000,0.000100000000
1491935357,1224.470000000000,0.014500000000
1491935401,1224.470000000000,0.015900000000
1491935402,1224.470000000000,1.903900000000
1491935421,1224.610000000000,2.283600000000
1491935421,1224.610000000000,0.216400000000
1491935437,1224.910000000000,0.094100000000
1491935536,1225.050000000000,0.034000000000
1491935544,1225.050000000000,0.031100000000
1491935558,1225.050000000000,0.065100000000
1491935573,1225.050000000000,0.050600000000
1491935667,1225.190000000000,0.014500000000
1491935685,1225.190000000000,0.050600000000
1491935874,1225.780000000000,0.010800000000
1491935986,1225.780000000000,0.021700000000
1491936005,1225.780000000000,0.005800000000
1491936134,1225.620000000000,0.004300000000
1491936158,1225.620000000000,0.057900000000
1491936189,1225.620000000000,0.998700000000
1491936212,1225.620000000000,0.008000000000
1491936311,1225.800000000000,0.002000000000
1491936336,1225.800000000000,0.072300000000
1491936364,1225.800000000000,0.028900000000
1491936432,1225.800000000000,0.007200000000
1491936497,1225.540000000000,0.081500000000
1491936507,1225.540000000000,0.025300000000
1491936553,1225.520000000000,0.014500000000
1491936664,1225.520000000000,0.014500000000
1491936690,1225.120000000000,3.868700000000
1491936690,1225.120000000000,1.131300000000
1491936692,1225.120000000000,4.006100000000
1491936722,1225.280000000000,0.035400000000
1491936800,1225.280000000000,0.014500000000
1491936944,1225.280000000000,0.028900000000
1491936948,1225.280000000000,0.023900000000
1491936977,1225.280000000000,0.003600000000
1491937027,1225.130000000000,3.454200000000
1491937027,1225.130000000000,1.545800000000
1491937131,1225.030000000000,0.011600000000
1491937351,1224.990000000000,0.007200000000
1491937369,1224.990000000000,0.015900000000
1491937393,1224.990000000000,0.014500000000
1491937397,1224.990000000000,0.020300000000
1491937452,1224.990000000000,0.007200000000
1491937514,1224.390000000000,0.014500000000
1491937523,1224.150000000000,0.007200000000
1491937645,1223.910000000000,0.000100000000
1491937676,1223.680000000000,0.000100000000
1491937727,1223.680000000000,0.166500000000
1491937805,1223.590000000000,0.005100000000
1491937820,1223.560000000000,0.005100000000
1491937957,1223.120000000000,0.018100000000
1491938024,1223.060000000000,0.010000000000
1491938111,1222.740000000000,0.024600000000
1491938114,1222.730000000000,0.037700000000
1491938135,1222.610000000000,0.042800000000
1491938186,1221.800000000000,0.011600000000
1491938195,1221.160000000000,0.031900000000
1491938255,1220.270000000000,0.025400000000
1491938286,1220.170000000000,0.010900000000
1491938373,1220.150000000000,0.087100000000
1491938404,1220.150000000000,0.009400000000
1491938453,1220.150000000000,0.007300000000
1491938492,1220.150000000000,0.150300000000
1491938520,1220.150000000000,0.029100000000
1491938537,1220.150000000000,0.015300000000
1491938540,1220.150000000000,0.004400000000
1491938561,1220.150000000000,0.018900000000
1491938590,1219.950000000000,0.014500000000
1491938702,1219.900000000000,0.014500000000
1491938708,1219.900000000000,0.043600000000
1491938738,1219.900000000000,0.004400000000
1491938755,1219.900000000000,0.014500000000
1491938779,1219.900000000000,0.008700000000
1491938784,1219.900000000000,0.016000000000
1491938795,1219.900000000000,0.015200000000
1491938834,1219.900000000000,0.029000000000
1491938859,1219.900000000000,0.018200000000
1491939006,1219.900000000000,0.013100000000
1491939048,1219.900000000000,0.021100000000
1491939069,1219.900000000000,0.021100000000
1491939075,1219.900000000000,0.003600000000
1491939119,1219.900000000000,0.023300000000
1491939307,1219.900000000000,0.025400000000
1491939389,1219.750000000000,0.008000000000
1491939468,1219.750000000000,0.029100000000
1491939528,1219.750000000000,0.069000000000
1491939601,1219.750000000000,0.014500000000
1491939605,1219.760000000000,0.165900000000
1491939605,1219.750000000000,2.379400000000
1491939629,1219.980000000000,0.043600000000
1491939643,1219.970000000000,0.087100000000
1491939672,1219.970000000000,0.058100000000
1491939805,1219.970000000000,0.007300000000
1491939833,1219.970000000000,0.019600000000
1491939889,1219.970000000000,0.037800000000
1491939938,1219.970000000000,0.185100000000
1491939953,1219.970000000000,0.007300000000
1491939997,1219.970000000000,0.166900000000
1491940000,1219.970000000000,0.072600000000
1491940027,1219.970000000000,0.007200000000
1491940150,1220.410000000000,0.029000000000
1491940215,1220.410000000000,0.079900000000
1491940315,1220.410000000000,0.016700000000
1491940365,1220.410000000000,0.025400000000
1491940439,1220.400000000000,0.036300000000
1491940453,1220.400000000000,0.021800000000
1491940457,1220.400000000000,0.014500000000
1491940460,1220.400000000000,0.023200000000
1491940485,1220.400000000000,0.004400000000
1491940503,1220.400000000000,0.007300000000
1491940586,1220.400000000000,0.013100000000
1491940622,1220.400000000000,0.014500000000
1491940651,1220.400000000000,0.250400000000
1491940676,1220.500000000000,0.014500000000
1491940720,1220.500000000000,0.022500000000
1491940765,1220.500000000000,0.016700000000
1491940851,1220.500000000000,0.007300000000
1491940873,1220.500000000000,1.424400000000
1491940874,1220.510000000000,2.020400000000
1491940874,1220.510000000000,1.809600000000
1491940874,1220.510000000000,0.698100000000
1491940874,1220.500000000000,1.014600000000
1491940875,1220.500000000000,2.500000000000
1491940953,1221.070000000000,0.029800000000
1491940991,1221.050000000000,0.002900000000
1491941001,1221.050000000000,0.033400000000
1491941163,1220.980000000000,0.018100000000
1491941225,1220.920000000000,1.198800000000
1491941302,1220.900000000000,0.008700000000
1491941353,1220.900000000000,0.004400000000
1491941427,1220.900000000000,0.008000000000
1491941459,1220.900000000000,0.006500000000
1491941462,1220.900000000000,0.574600000000
1491941689,1220.760000000000,0.007300000000
1491941692,1220.760000000000,0.007300000000
1491941703,1220.760000000000,0.688600000000
1491941773,1220.760000000000,0.015200000000
1491941777,1220.760000000000,0.014500000000
1491941801,1220.720000000000,0.007300000000
1491941814,1220.680000000000,0.007300000000
1491941838,1220.650000000000,0.014500000000
1491942043,1220.490000000000,0.116900000000
1491942077,1220.490000000000,0.008700000000
1491942140,1220.470000000000,0.013100000000
1491942148,1220.030000000000,2.500000000000
1491942148,1220.030000000000,5.000000000000
1491942148,1220.020000000000,1.902100000000
1491942149,1220.000000000000,5.000000000000
1491942259,1220.000000000000,0.010200000000
1491942302,1220.000000000000,0.097000000000
1491942306,1220.000000000000,0.008700000000
1491942317,1220.000000000000,0.183700000000
1491942345,1220.000000000000,0.013100000000
1491942388,1220.000000000000,0.014500000000
1491942446,1220.000000000000,0.108900000000
1491942469,1220.000000000000,0.006500000000
1491942502,1220.000000000000,2.083700000000
1491942503,1220.000000000000,2.523100000000
1491942524,1219.920000000000,0.018100000000
1491942570,1219.890000000000,0.012300000000
1491942599,1219.890000000000,0.007300000000
1491942637,1219.860000000000,0.014500000000
1491942645,1219.820000000000,0.050800000000
1491942719,1219.640000000000,0.014500000000
1491942737,1219.620000000000,0.087100000000
1491942755,1219.550000000000,0.005100000000
1491942826,1219.390000000000,0.010900000000
1491942851,1219.320000000000,0.007300000000
1491942878,1219.230000000000,0.010200000000
1491942942,1219.190000000000,0.019600000000
1491942991,1219.190000000000,0.019600000000
1491943170,1219.990000000000,0.014500000000
1491943209,1219.900000000000,0.050800000000
1491943426,1219.900000000000,2.500000000000
1491943426,1219.900000000000,4.857200000000
1491943426,1220.000000000000,16.048500000000
1491943427,1225.000000000000,3.888700000000
1491943427,1220.810000000000,5.000000000000
1491943427,1221.470000000000,3.434700000000
1491943427,1223.270000000000,29.333800000000
1491943427,1225.000000000000,4.069700000000
1491943427,1225.000000000000,4.502900000000
1491943428,1225.000000000000,3.529000000000
1491943428,1225.000000000000,28.716300000000
1491943428,1225.000000000000,28.095700000000
1491943428,1225.000000000000,27.591200000000
1491943428,1225.000000000000,3.082800000000
1491943428,1225.000000000000,2.927100000000
1491943429,1225.000000000000,1.512800000000
1491943429,1222.610000000000,2.315900000000
1491943429,1225.000000000000,3.507600000000
1491943429,1225.000000000000,27.402000000000
1491943430,1222.570000000000,3.224300000000
1491943430,1221.090000000000,1.775700000000
1491943430,1220.880000000000,0.184100000000
1491943440,1223.720000000000,3.547200000000
1491943440,1223.710000000000,2.500000000000
1491943440,1223.710000000000,5.000000000000
1491943440,1225.000000000000,3.250600000000
1491943441,1225.000000000000,3.893700000000
1491943441,1225.000000000000,2.847100000000
1491943441,1225.000000000000,2.883100000000
1491943441,1225.000000000000,5.000000000000
1491943442,1225.000000000000,3.102800000000
1491943442,1225.000000000000,3.167600000000
1491943442,1225.000000000000,3.986400000000
1491943442,1225.000000000000,2.500000000000
1491943442,1225.000000000000,3.895800000000
1491943443,1225.000000000000,3.520000000000
1491943443,1224.740000000000,4.094300000000
1491943443,1225.000000000000,0.905700000000
1491943444,1224.740000000000,2.643300000000
1491943444,1224.740000000000,3.591400000000
1491943444,1224.740000000000,2.732400000000
1491943444,1224.740000000000,3.249800000000
1491943444,1224.740000000000,3.338300000000
1491943444,1224.740000000000,3.569400000000
1491943445,1224.740000000000,3.029900000000
1491943445,1224.740000000000,3.966800000000
1491943445,1224.740000000000,2.661000000000
1491943447,1224.480000000000,2.500000000000
1491943447,1224.210000000000,2.500000000000
1491943448,1224.290000000000,2.500000000000
1491943448,1224.460000000000,2.500000000000
1491943449,1224.510000000000,2.500000000000
1491943449,1224.400000000000,2.500000000000
1491943450,1224.610000000000,2.500000000000
1491943450,1224.490000000000,2.500000000000
1491943451,1224.630000000000,2.500000000000
1491943513,1224.860000000000,0.036300000000
1491943547,1224.860000000000,0.145000000000
1491943586,1224.860000000000,4.818700000000
1491943587,1224.860000000000,2.500000000000
1491943587,1224.860000000000,5.149000000000
1491943588,1225.000000000000,5.000000000000
1491943588,1225.000000000000,2.500000000000
1491943589,1225.000000000000,0.032300000000
1491943604,1225.690000000000,0.007200000000
1491943660,1225.690000000000,0.021700000000
1491943823,1225.690000000000,0.010100000000
1491943836,1225.380000000000,0.012300000000
1491943855,1225.370000000000,0.036200000000
1491943871,1225.370000000000,0.032600000000
1491943905,1225.370000000000,0.031200000000
1491943920,1225.370000000000,0.123200000000
1491943924,1225.010000000000,2.500000000000
1491943924,1225.000000000000,2.745600000000
1491943924,1225.000000000000,0.235500000000
1491944001,1225.150000000000,0.029000000000
1491944007,1225.150000000000,0.016000000000
1491944020,1225.150000000000,0.014500000000
1491944030,1225.410000000000,0.529000000000
1491944039,1225.410000000000,0.015200000000
1491944191,1225.160000000000,0.008700000000
1491944200,1225.980000000000,0.072500000000
1491944248,1225.890000000000,0.033300000000
1491944253,1225.690000000000,0.032600000000
1491944265,1225.670000000000,0.007200000000
1491944299,1225.640000000000,0.014500000000
1491944351,1225.640000000000,0.004300000000
1491944394,1225.650000000000,0.005100000000
1491944415,1225.650000000000,0.025400000000
1491944434,1225.990000000000,0.166700000000
1491944464,1225.990000000000,0.043500000000
1491944472,1225.990000000000,0.021700000000
1491944475,1225.990000000000,0.014500000000
1491944483,1225.990000000000,0.026800000000
1491944686,1225.990000000000,0.014500000000
1491944703,1225.990000000000,2.500000000000
1491944703,1225.990000000000,2.485500000000
1491944703,1226.000000000000,0.982400000000
1491944704,1226.000000000000,2.836300000000
1491944713,1226.000000000000,0.869600000000
1491944713,1226.000000000000,0.016700000000
1491944765,1226.490000000000,5.000000000000
1491944776,1226.500000000000,2.896100000000
1491944777,1226.500000000000,2.103900000000
1491944828,1227.000000000000,0.014500000000
1491944834,1227.000000000000,0.025300000000
1491944871,1227.000000000000,3.418500000000
1491944872,1227.000000000000,0.010100000000
1491944881,1227.000000000000,0.014500000000
1491944900,1227.000000000000,1.517100000000
1491944914,1227.740000000000,0.009400000000
1491944924,1227.740000000000,0.029700000000
1491944964,1228.170000000000,0.008000000000
1491944968,1228.170000000000,0.014500000000
1491944998,1228.170000000000,0.014500000000
1491945017,1228.170000000000,0.036200000000
1491945023,1228.170000000000,0.006500000000
1491945026,1228.170000000000,0.021700000000
1491945053,1228.170000000000,0.021700000000
1491945152,1228.550000000000,0.036200000000
1491945159,1228.550000000000,0.043400000000
1491945292,1229.310000000000,3.276400000000
1491945292,1229.310000000000,3.599800000000
1491945292,1229.270000000000,3.044900000000
1491945293,1229.310000000000,3.017800000000
1491945293,1229.310000000000,3.182500000000
1491945298,1229.340000000000,0.029700000000
1491945319,1229.340000000000,0.007200000000
1491945481,1229.340000000000,0.010800000000
1491945496,1229.340000000000,0.085300000000
1491945500,1229.340000000000,0.017400000000
1491945503,1229.580000000000,0.216900000000
1491945508,1229.310000000000,0.033200000000
1491945540,1229.580000000000,0.008700000000
1491945621,1229.580000000000,0.027500000000
1491945675,1229.580000000000,0.007200000000
1491945810,1229.860000000000,0.022300000000
1491945810,1229.850000000000,0.000100000000
1491945850,1229.860000000000,0.008700000000
1491945870,1229.860000000000,0.073000000000
1491945983,1229.980000000000,0.057800000000
1491945989,1229.980000000000,0.028800000000
1491945989,1229.970000000000,0.000100000000
1491946123,1230.150000000000,0.000100000000
1491946123,1229.980000000000,0.013400000000
1491946183,1230.400000000000,0.041800000000
1491946230,1230.710000000000,0.016700000000
1491946230,1230.400000000000,0.048200000000
1491946240,1230.730000000000,2.077800000000
1491946240,1230.710000000000,0.013300000000
1491946251,1231.430000000000,0.023800000000
1491946273,1231.430000000000,0.026200000000
1491946274,1231.700000000000,0.074800000000
1491946334,1231.960000000000,0.014400000000
1491946441,1231.960000000000,0.008700000000
1491946482,1231.960000000000,0.033200000000
1491946588,1232.040000000000,0.010800000000
1491946641,1231.060000000000,0.000100000000
1491946649,1231.590000000000,0.008700000000
1491946652,1231.590000000000,0.072100000000
1491946681,1231.590000000000,0.018800000000
1491946684,1231.590000000000,0.028900000000
1491946735,1231.950000000000,0.000100000000
1491946736,1231.950000000000,0.000100000000
1491946736,1231.960000000000,2.325100000000
1491946753,1231.520000000000,0.057700000000
1491946766,1231.520000000000,0.174600000000
1491946779,1231.770000000000,0.000100000000
1491946813,1231.770000000000,0.029600000000
1491946817,1231.770000000000,0.016600000000
1491946820,1231.770000000000,0.016600000000
1491946827,1231.770000000000,0.007200000000
1491946900,1232.100000000000,3.535900000000
1491946900,1232.100000000000,2.602900000000
1491946900,1231.630000000000,3.520100000000
1491946900,1232.100000000000,0.745000000000
1491946900,1232.100000000000,3.396100000000
1491946908,1231.650000000000,0.009400000000
1491946921,1231.650000000000,0.068500000000
1491946998,1231.750000000000,0.025300000000
1491947002,1231.750000000000,0.018800000000
1491947065,1231.750000000000,0.083000000000
1491947133,1231.390000000000,0.151500000000
1491947174,1231.390000000000,0.003600000000
1491947246,1231.390000000000,0.014400000000
1491947259,1231.390000000000,0.043300000000
1491947361,1231.250000000000,0.515800000000
1491947387,1231.250000000000,0.018000000000
1491947472,1230.760000000000,0.043300000000
1491947617,1230.560000000000,0.010800000000
1491947627,1230.560000000000,0.014400000000
1491947630,1230.010000000000,0.000700000000
1491947692,1230.010000000000,0.000400000000
1491947737,1230.010000000000,2.498900000000
1491947737,1230.000000000000,0.979300000000
1491947738,1230.000000000000,0.520700000000
1491947738,1230.010000000000,2.500000000000
1491947739,1230.020000000000,2.500000000000
1491947739,1229.980000000000,0.960800000000
1491947747,1230.020000000000,1.539200000000
1491947944,1229.650000000000,0.050600000000
1491947971,1229.170000000000,2.500000000000
1491947972,1229.160000000000,3.395800000000
1491947972,1228.850000000000,2.500000000000
1491947972,1228.850000000000,2.639900000000
1491947973,1228.850000000000,2.500000000000
1491947973,1228.850000000000,2.118600000000
1491947973,1228.850000000000,3.366300000000
1491947973,1228.850000000000,2.195800000000
1491947974,1228.850000000000,2.642700000000
1491947974,1228.850000000000,2.274600000000
1491947974,1228.850000000000,2.367100000000
1491947974,1228.850000000000,3.105200000000
1491947974,1228.850000000000,3.374000000000
1491947976,1229.170000000000,0.000100000000
1491948018,1230.110000000000,0.216700000000
1491948053,1230.110000000000,0.216600000000
1491948072,1230.110000000000,0.049800000000
1491948081,1229.580000000000,0.000200000000
1491948170,1230.100000000000,0.023800000000
1491948258,1229.920000000000,0.034200000000
1491948295,1229.890000000000,0.016600000000
1491948368,1229.840000000000,0.008700000000
1491948401,1229.840000000000,0.007200000000
1491948427,1229.820000000000,0.007200000000
1491948449,1229.580000000000,0.008700000000
1491948492,1229.470000000000,0.014400000000
1491948500,1229.460000000000,0.025300000000
1491948569,1230.010000000000,0.016600000000
1491948620,1229.940000000000,0.028900000000
1491948671,1229.940000000000,0.009400000000
1491948678,1229.940000000000,0.076000000000
1491948696,1229.920000000000,0.014500000000
1491948705,1229.920000000000,0.099700000000
1491948765,1229.920000000000,0.014400000000
1491948778,1229.920000000000,0.015900000000
1491948794,1229.760000000000,0.507000000000
1491948870,1230.190000000000,0.007900000000
1491948899,1230.190000000000,0.014400000000
1491948945,1230.190000000000,0.015200000000
1491949008,1230.190000000000,0.014400000000
1491949154,1229.930000000000,0.014400000000
1491949189,1229.280000000000,0.000100000000
1491949198,1229.930000000000,0.048400000000
1491949222,1229.280000000000,0.000100000000
1491949292,1229.280000000000,0.044000000000
1491949384,1229.900000000000,0.018000000000
1491949410,1229.900000000000,0.013000000000
1491949412,1229.280000000000,0.000100000000
1491949500,1229.660000000000,0.021700000000
1491949575,1229.640000000000,0.014400000000
1491949634,1229.640000000000,0.718000000000
1491949715,1229.600000000000,0.021700000000
1491949759,1229.600000000000,0.019500000000
1491949845,1229.510000000000,0.007900000000
1491949848,1229.500000000000,0.157400000000
1491949928,1229.500000000000,0.049800000000
1491949942,1229.500000000000,0.072200000000
1491949961,1229.500000000000,0.028900000000
1491950005,1229.500000000000,0.007200000000
1491950099,1229.500000000000,0.036100000000
1491950109,1229.490000000000,0.044800000000
1491950116,1229.500000000000,0.021700000000
1491950186,1229.490000000000,0.075800000000
1491950236,1229.500000000000,0.007200000000
1491950280,1229.500000000000,0.025300000000
1491950537,1229.330000000000,0.031800000000
1491950682,1229.330000000000,0.014500000000
1491950794,1229.330000000000,0.028900000000
1491950881,1229.330000000000,0.036100000000
1491950890,1229.330000000000,0.016600000000
1491950906,1229.330000000000,0.025300000000
1491950911,1229.330000000000,0.014400000000
1491950924,1229.330000000000,0.014500000000
1491950971,1229.200000000000,0.021700000000
1491951062,1228.800000000000,2.500000000000
1491951153,1228.790000000000,0.116300000000
1491951165,1228.790000000000,0.245700000000
1491951239,1228.790000000000,0.021700000000
1491951347,1228.990000000000,0.036100000000
1491951350,1228.540000000000,2.500000000000
1491951377,1228.490000000000,0.007200000000
1491951449,1228.410000000000,0.018100000000
1491951464,1228.410000000000,0.014500000000
1491951470,1228.410000000000,0.028900000000
1491951535,1228.410000000000,0.021700000000
1491951575,1228.400000000000,0.072300000000
1491951599,1228.050000000000,0.035100000000
1491951679,1228.300000000000,3.074900000000
1491951680,1228.300000000000,3.503900000000
1491951680,1228.300000000000,2.913800000000
1491951691,1228.300000000000,3.374200000000
1491951692,1228.300000000000,2.872400000000
1491951692,1228.300000000000,3.442900000000
1491951692,1228.300000000000,2.314900000000
1491951692,1228.300000000000,2.149000000000
1491951693,1228.300000000000,0.694800000000
1491951693,1228.300000000000,2.035000000000
1491951693,1228.300000000000,1.918200000000
1491951694,1228.300000000000,2.500000000000
1491951694,1228.430000000000,2.500000000000
1491951701,1228.490000000000,0.009400000000
1491951707,1228.310000000000,0.000100000000
1491951719,1228.490000000000,0.014400000000
1491951765,1228.490000000000,0.072200000000
1491951770,1228.490000000000,0.010800000000
1491951793,1228.490000000000,0.010800000000
1491951811,1228.310000000000,0.313800000000
1491951811,1228.310000000000,2.686200000000
1491951812,1229.170000000000,0.159000000000
1491951949,1228.360000000000,0.073400000000
1491951975,1228.360000000000,2.426600000000
1491952034,1228.490000000000,0.037600000000
1491952074,1228.490000000000,0.050600000000
1491952077,1228.490000000000,0.007200000000
1491952116,1228.490000000000,0.014400000000
1491952191,1228.490000000000,0.001400000000
1491952267,1228.470000000000,2.176700000000
1491952268,1228.470000000000,0.164800000000
1491952268,1228.470000000000,2.823300000000
1491952268,1228.500000000000,0.441300000000
1491952268,1228.470000000000,2.335200000000
1491952269,1228.490000000000,2.272900000000
1491952270,1228.490000000000,0.038300000000
1491952298,1228.500000000000,3.287600000000
1491952298,1228.490000000000,2.398000000000
1491952298,1228.500000000000,2.422200000000
1491952299,1228.500000000000,3.163700000000
1491952390,1228.500000000000,0.043300000000
1491952410,1228.500000000000,0.014400000000
1491952451,1228.420000000000,0.050000000000
1491952457,1228.500000000000,2.469800000000
1491952458,1228.500000000000,1.918600000000
1491952458,1228.500000000000,0.028900000000
1491952459,1228.500000000000,3.032900000000
1491952459,1228.500000000000,2.248600000000
1491952460,1228.500000000000,2.381600000000
1491952460,1228.500000000000,1.985500000000
1491952461,1228.500000000000,3.031300000000
1491952477,1228.500000000000,0.014400000000
1491952499,1228.500000000000,0.016600000000
1491952532,1227.940000000000,0.000100000000
1491952659,1228.500000000000,0.005100000000
1491952676,1228.500000000000,0.065000000000
1491952712,1228.500000000000,0.041900000000
1491952735,1228.500000000000,0.013000000000
1491952779,1228.330000000000,0.021700000000
1491952823,1227.930000000000,0.004300000000
1491952902,1227.500000000000,0.016600000000
1491952923,1227.490000000000,2.211000000000
1491952972,1227.310000000000,0.015200000000
1491952992,1227.310000000000,0.010800000000
1491953012,1226.500000000000,0.021700000000
1491953050,1226.490000000000,0.014500000000
1491953063,1226.490000000000,0.374500000000
1491953077,1226.490000000000,1.211000000000
1491953077,1226.500000000000,2.041700000000
1491953078,1226.500000000000,2.183200000000
1491953078,1226.500000000000,2.341800000000
1491953079,1226.500000000000,0.197800000000
1491953081,1227.650000000000,0.008700000000
1491953122,1226.440000000000,0.000100000000
1491953130,1227.210000000000,0.010800000000
1491953136,1227.210000000000,0.014500000000
1491953155,1227.210000000000,0.022400000000
1491953167,1227.480000000000,0.013700000000
1491953176,1227.020000000000,0.047700000000
1491953251,1227.380000000000,0.007200000000
1491953413,1226.750000000000,0.003900000000
1491953442,1227.670000000000,0.002400000000
1491953448,1227.670000000000,0.050600000000
1491953475,1227.970000000000,0.003600000000
1491953480,1227.970000000000,0.018100000000
1491953532,1227.960000000000,0.101200000000
1491953614,1227.700000000000,0.033300000000
1491953668,1227.700000000000,0.036200000000
1491953729,1227.370000000000,0.010100000000
1491953766,1227.370000000000,0.016600000000
1491953816,1226.860000000000,0.014500000000
1491953843,1226.860000000000,0.010900000000
1491953870,1226.860000000000,0.018100000000
1491953920,1225.670000000000,0.004400000000
1491953936,1226.570000000000,0.028900000000
1491954048,1226.860000000000,0.018100000000
1491954110,1226.790000000000,0.018100000000
1491954151,1226.410000000000,0.007200000000
1491954158,1226.410000000000,0.015900000000
1491954209,1226.810000000000,0.050700000000
1491954218,1226.810000000000,0.061500000000
1491954241,1226.810000000000,0.090500000000
1491954292,1226.810000000000,0.028900000000
1491954295,1226.810000000000,0.010900000000
1491954419,1225.970000000000,0.002200000000
1491954451,1225.970000000000,0.002200000000
1491954457,1226.810000000000,0.072400000000
1491954462,1225.970000000000,0.002200000000
1491954518,1225.630000000000,0.016700000000
1491954521,1225.630000000000,0.014500000000
1491954621,1225.820000000000,0.013000000000
1491954633,1225.820000000000,0.023900000000
1491954704,1225.820000000000,0.021700000000
1491954707,1225.010000000000,4.014600000000
1491954718,1225.010000000000,3.214000000000
1491954719,1224.980000000000,1.208100000000
1491954719,1225.000000000000,2.018900000000
1491954719,1224.980000000000,1.291900000000
1491954720,1224.600000000000,2.496600000000
1491954720,1225.010000000000,2.503400000000
1491954720,1224.790000000000,2.500000000000
1491954722,1224.890000000000,0.013000000000
1491954799,1224.060000000000,0.758200000000
1491954799,1224.060000000000,1.893600000000
1491954799,1224.060000000000,3.106400000000
1491954800,1224.060000000000,2.235900000000
1491954800,1224.060000000000,2.764100000000
1491954800,1224.060000000000,1.741800000000
1491954801,1223.820000000000,0.058000000000
1491954801,1224.060000000000,1.380300000000
1491954801,1224.060000000000,1.119700000000
1491954804,1223.810000000000,0.007200000000
1491954927,1223.640000000000,0.025400000000
1491955004,1223.640000000000,0.014500000000
1491955039,1223.640000000000,0.034100000000
1491955070,1223.640000000000,0.014500000000
1491955185,1224.500000000000,0.008000000000
1491955279,1224.810000000000,0.029700000000
1491955342,1225.450000000000,0.054300000000
1491955390,1225.440000000000,0.003600000000
1491955440,1225.190000000000,0.014500000000
1491955463,1225.190000000000,0.086900000000
1491955474,1225.190000000000,0.007200000000
1491955558,1225.190000000000,0.025300000000
1491955567,1225.190000000000,0.181100000000
1491955614,1225.190000000000,0.043500000000
1491955625,1225.190000000000,1.144700000000
1491955643,1225.190000000000,0.029000000000
1491955650,1225.190000000000,0.015900000000
1491955712,1225.190000000000,0.021700000000
1491955836,1224.980000000000,0.086900000000
1491955894,1224.980000000000,0.014500000000
1491956012,1223.690000000000,0.021000000000
1491956017,1224.870000000000,0.015200000000
1491956077,1224.870000000000,0.014500000000
1491956115,1224.870000000000,0.031100000000
1491956121,1224.870000000000,0.017400000000
1491956478,1224.710000000000,0.061000000000
1491956481,1224.710000000000,0.029700000000
1491956494,1224.710000000000,0.018100000000
1491956522,1225.160000000000,0.004300000000
1491956552,1223.920000000000,0.043100000000
1491956690,1225.470000000000,0.021700000000
1491956717,1225.470000000000,0.008700000000
1491956743,1225.470000000000,0.015900000000
1491956748,1225.470000000000,0.013000000000
1491956864,1225.470000000000,0.043400000000
1491956915,1225.470000000000,0.005100000000
1491956966,1225.470000000000,0.072400000000
1491956974,1225.470000000000,0.021700000000
1491956984,1225.470000000000,0.007200000000
1491957032,1225.470000000000,0.008700000000
1491957081,1226.180000000000,0.021700000000
1491957084,1226.180000000000,0.072400000000
1491957120,1226.180000000000,0.008700000000
1491957172,1226.180000000000,0.072400000000
1491957182,1226.180000000000,0.011600000000
1491957200,1226.180000000000,0.021700000000
1491957224,1226.180000000000,0.009400000000
1491957237,1226.180000000000,0.003600000000
1491957292,1225.080000000000,0.000400000000
1491957300,1226.040000000000,0.086900000000
1491957353,1226.910000000000,0.011600000000
1491957378,1226.790000000000,0.043400000000
1491957469,1226.870000000000,0.006500000000
1491957472,1226.870000000000,0.014500000000
1491957476,1226.870000000000,0.018100000000
1491957516,1226.870000000000,0.029000000000
1491957573,1226.590000000000,0.144800000000
1491957601,1226.230000000000,0.046300000000
1491957771,1226.230000000000,0.018100000000
1491957807,1226.230000000000,0.015200000000
1491957817,1226.230000000000,0.041300000000
1491957832,1226.980000000000,0.014500000000
1491957880,1226.980000000000,0.008700000000
1491957923,1226.800000000000,0.016600000000
1491957940,1227.400000000000,0.016600000000
1491957953,1227.400000000000,0.043400000000
1491957969,1227.400000000000,0.115700000000
1491958012,1227.400000000000,0.021700000000
1491958048,1227.400000000000,0.180900000000
1491958120,1227.400000000000,0.050600000000
1491958145,1227.400000000000,0.030400000000
1491958245,1226.920000000000,0.749800000000
1491958251,1226.920000000000,0.011600000000
1491958260,1226.180000000000,0.008800000000
1491958426,1226.870000000000,0.014500000000
1491958487,1226.870000000000,0.036200000000
1491958498,1227.310000000000,0.043400000000
1491958516,1227.310000000000,0.021700000000
1491958524,1227.310000000000,0.008700000000
1491958549,1226.480000000000,0.021200000000
1491958560,1227.310000000000,0.021700000000
1491958587,1227.310000000000,0.008700000000
1491958652,1226.480000000000,0.080900000000
1491958730,1227.020000000000,0.006500000000
1491958749,1227.020000000000,0.130300000000
1491958879,1226.010000000000,0.019500000000
1491958892,1225.630000000000,0.010900000000
1491958896,1226.010000000000,0.016600000000
1491958900,1226.010000000000,0.007200000000
1491958920,1226.010000000000,0.057900000000
1491958981,1226.010000000000,0.009400000000
1491958988,1226.010000000000,0.008700000000
1491959088,1226.020000000000,0.250400000000
1491959088,1226.010000000000,2.380700000000
1491959089,1226.010000000000,2.103900000000
1491959089,1226.020000000000,1.651300000000
1491959089,1226.010000000000,0.396100000000
1491959090,1226.000000000000,2.500000000000
1491959090,1226.020000000000,0.790000000000
1491959090,1226.080000000000,0.387900000000
1491959090,1226.020000000000,2.408300000000
1491959091,1226.000000000000,2.112100000000
1491959130,1227.110000000000,0.009400000000
1491959154,1227.110000000000,0.014500000000
1491959159,1227.110000000000,0.008000000000
1491959163,1227.110000000000,0.014500000000
1491959173,1226.000000000000,0.037000000000
1491959173,1226.000000000000,0.008300000000
1491959185,1227.110000000000,0.166500000000
1491959235,1226.400000000000,0.562400000000
1491959246,1226.000000000000,0.036200000000
1491959338,1225.950000000000,0.021700000000
1491959358,1225.940000000000,0.003600000000
1491959377,1225.940000000000,0.144700000000
1491959408,1225.660000000000,2.500000000000
1491959408,1225.660000000000,2.813200000000
1491959409,1225.650000000000,1.519300000000
1491959433,1225.690000000000,2.500000000000
1491959433,1225.690000000000,2.500000000000
1491959434,1225.690000000000,2.312800000000
1491959434,1225.920000000000,0.187200000000
1491959435,1225.710000000000,0.620200000000
1491959435,1225.710000000000,1.879800000000
1491959444,1225.710000000000,2.500000000000
1491959556,1226.360000000000,2.500000000000
1491959557,1226.360000000000,2.500000000000
1491959558,1226.360000000000,0.800000000000
1491959570,1226.360000000000,0.014500000000
1491959617,1226.360000000000,0.021700000000
1491959706,1225.450000000000,0.004300000000
1491959722,1225.450000000000,0.016700000000
1491959733,1224.360000000000,0.000100000000
1491959778,1225.280000000000,0.076200000000
1491959997,1224.730000000000,0.008700000000
1491960170,1225.400000000000,0.014500000000
1491960253,1224.640000000000,0.000100000000
1491960253,1224.640000000000,0.004400000000
1491960256,1225.400000000000,0.015900000000
1491960265,1225.400000000000,0.013000000000
1491960278,1225.400000000000,0.144800000000
1491960331,1225.400000000000,0.289600000000
1491960455,1224.750000000000,0.010900000000
1491960551,1224.870000000000,0.010100000000
1491960644,1225.420000000000,0.029000000000
1491960841,1224.580000000000,0.052200000000
1491960852,1224.040000000000,0.250500000000
1491960873,1224.580000000000,0.014500000000
1491960900,1224.580000000000,0.008700000000
1491960988,1225.020000000000,0.072400000000
1491961027,1224.740000000000,0.075400000000
1491961393,1223.650000000000,0.007200000000
1491961456,1223.650000000000,0.013000000000
1491961516,1224.550000000000,0.183400000000
1491961525,1224.550000000000,0.416800000000
1491961725,1224.480000000000,0.014500000000
1491961773,1223.750000000000,0.004400000000
1491961871,1224.430000000000,0.043500000000
1491961922,1224.420000000000,0.017400000000
1491961958,1224.420000000000,0.014500000000
1491962002,1224.420000000000,0.036200000000
1491962089,1224.420000000000,0.050700000000
1491962128,1224.420000000000,0.022500000000
1491962150,1224.420000000000,0.010900000000
1491962168,1224.420000000000,0.016700000000
1491962183,1224.420000000000,0.024600000000
1491962313,1224.420000000000,0.166700000000
1491962321,1223.750000000000,0.004400000000
1491962430,1224.060000000000,0.020300000000
1491962536,1224.120000000000,0.058000000000
1491962632,1223.880000000000,0.014500000000
1491962673,1223.200000000000,0.000100000000
1491962726,1223.240000000000,0.500000000000
1491962744,1224.240000000000,0.007200000000
1491962755,1223.240000000000,0.500000000000
1491962787,1223.410000000000,0.500000000000
1491962815,1223.410000000000,0.500000000000
1491962819,1224.230000000000,0.018100000000
1491962834,1223.900000000000,0.018100000000
1491962872,1223.900000000000,0.083300000000
1491963037,1223.650000000000,0.235600000000
1491963078,1223.650000000000,0.021800000000
1491963265,1224.020000000000,0.008700000000
1491963352,1223.270000000000,0.009200000000
1491963411,1223.650000000000,0.058000000000
1491963423,1223.650000000000,0.008700000000
1491963426,1223.650000000000,0.290600000000
1491963655,1223.650000000000,0.255300000000
1491963665,1223.650000000000,0.005100000000
1491963671,1223.650000000000,0.047200000000
1491963699,1223.650000000000,0.014500000000
1491963723,1223.650000000000,0.016700000000
1491963751,1223.650000000000,0.015200000000
1491963887,1223.650000000000,0.076200000000
1491963967,1224.250000000000,0.045000000000
1491964066,1224.250000000000,0.087000000000
1491964075,1224.300000000000,0.021000000000
1491964078,1224.300000000000,0.036300000000
1491964188,1223.900000000000,0.008700000000
1491964236,1224.270000000000,0.004400000000
1491964287,1223.500000000000,0.035500000000
1491964301,1224.810000000000,0.036300000000
1491964329,1224.810000000000,0.173900000000
1491964383,1223.920000000000,0.014100000000
1491964456,1224.260000000000,0.016700000000
1491964548,1224.250000000000,0.450600000000
1491964559,1224.250000000000,0.037000000000
1491964578,1224.250000000000,0.007200000000
1491964582,1224.250000000000,0.004300000000
1491964598,1224.250000000000,0.058000000000
1491964665,1224.250000000000,0.042000000000
1491964746,1224.270000000000,0.003600000000
1491964774,1224.270000000000,0.010000000000
1491964781,1224.470000000000,2.758400000000
1491964781,1224.470000000000,0.913400000000
1491964781,1224.270000000000,0.986400000000
1491964782,1224.470000000000,1.328200000000
1491964886,1228.150000000000,0.144800000000
1491965246,1226.750000000000,0.021000000000
1491965252,1226.750000000000,0.005800000000
1491965353,1227.080000000000,0.010800000000
1491965538,1227.550000000000,0.034200000000
1491965623,1227.400000000000,0.025300000000
1491965653,1227.400000000000,0.008700000000
1491965668,1227.400000000000,0.062900000000
1491965840,1226.650000000000,0.011600000000
1491965905,1227.070000000000,0.016600000000
1491966172,1226.350000000000,0.066500000000
1491966181,1226.740000000000,0.007200000000
1491966377,1226.620000000000,0.048500000000
1491966513,1226.590000000000,0.008000000000
1491966541,1226.850000000000,0.169300000000
1491966560,1226.850000000000,0.144700000000
1491966658,1226.430000000000,0.010000000000
1491966672,1226.430000000000,0.010800000000
1491966714,1226.430000000000,0.020300000000
1491966828,1226.870000000000,0.133800000000
1491966891,1226.560000000000,0.010000000000
1491966900,1226.560000000000,0.010000000000
1491967110,1227.010000000000,0.018100000000
1491967141,1227.010000000000,0.072300000000
1491967189,1227.010000000000,0.023900000000
1491967223,1226.040000000000,0.002400000000
1491967419,1226.570000000000,0.012300000000
1491967458,1226.570000000000,0.380600000000
1491967552,1225.880000000000,0.000700000000
1491967602,1225.620000000000,0.010900000000
1491967630,1226.190000000000,0.180900000000
1491968058,1227.380000000000,0.091300000000
1491968313,1226.110000000000,0.004400000000
1491968330,1227.120000000000,0.030400000000
1491968461,1227.120000000000,0.010800000000
1491968537,1226.840000000000,0.086800000000
1491968542,1226.840000000000,0.028900000000
1491968752,1226.880000000000,0.130200000000
1491968843,1226.880000000000,0.058600000000
1491968912,1226.790000000000,0.144700000000
1491969100,1226.620000000000,0.020300000000
1491969204,1226.620000000000,0.072300000000
1491969420,1226.740000000000,0.050700000000
1491969891,1225.320000000000,0.004400000000
1491969902,1226.440000000000,0.422800000000
1491970005,1225.880000000000,0.009400000000
1491970081,1225.880000000000,0.101300000000
1491970106,1225.880000000000,0.014500000000
1491970832,1225.260000000000,0.029000000000
1491971073,1224.620000000000,0.041500000000
1491971334,1224.340000000000,0.000100000000
1491971810,1224.400000000000,0.036300000000
1491972390,1223.230000000000,0.025400000000
1491972412,1223.220000000000,0.004400000000
1491972543,1223.590000000000,0.010900000000
1491972716,1223.600000000000,0.181400000000
1491972800,1223.480000000000,0.018900000000
1491972886,1223.480000000000,0.010900000000
1491972902,1223.480000000000,0.027200000000
1491972969,1220.810000000000,0.050000000000
1491973079,1220.400000000000,0.123500000000
1491973163,1220.400000000000,0.058100000000
1491973307,1220.400000000000,3.000000000000
1491973613,1219.810000000000,0.000100000000
1491973632,1220.130000000000,0.043600000000
1491973712,1220.390000000000,1.000000000000
1491973719,1220.400000000000,1.000000000000
1491973727,1220.400000000000,1.000000000000
1491973734,1220.400000000000,1.000000000000
1491973740,1220.400000000000,1.000000000000
1491973747,1220.400000000000,1.000000000000
1491973757,1220.400000000000,1.000000000000
1491973767,1220.400000000000,1.000000000000
1491973776,1220.400000000000,1.000000000000
1491973785,1220.400000000000,1.000000000000
1491973795,1220.400000000000,0.120000000000
1491974038,1220.400000000000,0.021800000000
1491974306,1220.400000000000,2.500000000000
1491974463,1220.400000000000,0.022500000000
1491974766,1220.400000000000,0.007300000000
1491974900,1220.400000000000,2.162600000000
1491974900,1220.440000000000,0.154700000000
1491974900,1220.400000000000,2.107700000000
1491974901,1220.440000000000,2.739400000000
1491974901,1220.440000000000,2.599100000000
1491974901,1220.440000000000,2.954800000000
1491974927,1218.810000000000,0.030000000000
1491974927,1217.910000000000,0.025000000000
1491974927,1218.910000000000,0.030000000000
1491974927,1219.810000000000,0.049900000000
1491974928,1217.740000000000,2.209700000000
1491974928,1217.810000000000,0.025000000000
1491974928,1217.740000000000,2.707700000000
1491974928,1217.740000000000,2.631300000000
1491974929,1217.740000000000,3.296900000000
1491974929,1217.740000000000,2.130100000000
1491974929,1217.740000000000,3.074500000000
1491974930,1217.740000000000,1.771800000000
1491974930,1217.740000000000,0.901100000000
1491974930,1217.740000000000,2.195300000000
1491974930,1217.740000000000,1.870100000000
1491974932,1219.150000000000,1.660000000000
1491974932,1217.740000000000,2.671500000000
1491974933,1217.740000000000,2.851400000000
1491974933,1217.740000000000,2.421400000000
1491974933,1217.740000000000,1.000000000000
1491974933,1217.740000000000,2.902400000000
1491974934,1217.740000000000,3.029300000000
1491974934,1217.740000000000,1.872200000000
1491974934,1217.740000000000,2.591200000000
1491974935,1217.740000000000,2.244600000000
1491974935,1217.740000000000,3.025100000000
1491974935,1217.740000000000,2.940200000000
1491974936,1217.740000000000,2.168300000000
1491974936,1217.740000000000,0.429400000000
1491975086,1218.780000000000,2.265000000000
1491975086,1216.910000000000,0.050000000000
1491975087,1216.810000000000,0.026300000000
1491975137,1219.780000000000,0.025500000000
1491975199,1219.780000000000,0.058200000000
1491975384,1218.980000000000,0.008700000000
1491976027,1217.590000000000,3.074500000000
1491976027,1217.160000000000,0.045200000000
1491976119,1216.690000000000,1.858900000000
1491976184,1218.820000000000,0.050900000000
1491976398,1216.500000000000,0.553000000000
1491976493,1216.580000000000,0.330600000000
1491976534,1215.810000000000,0.008700000000
1491977073,1215.300000000000,0.627400000000
1491977339,1215.170000000000,1.110000000000
1491977589,1215.610000000000,0.004400000000
1491977708,1215.050000000000,0.010200000000
1491977914,1214.150000000000,0.120000000000
1491978076,1214.600000000000,0.100000000000
1491978123,1214.600000000000,0.910000000000
1491978211,1214.620000000000,2.000000000000
1491978255,1214.710000000000,2.000000000000
1491978260,1214.770000000000,2.000000000000
1491978272,1214.800000000000,2.000000000000
1491978309,1214.660000000000,2.000000000000
1491978313,1214.810000000000,2.000000000000
1491978329,1215.070000000000,2.000000000000
1491978395,1215.540000000000,0.032800000000
1491978640,1215.340000000000,0.054700000000
1491978766,1215.970000000000,0.335700000000
1491978957,1215.500000000000,1.120000000000
1491979092,1215.940000000000,0.980000000000
1491979609,1215.280000000000,0.036500000000
1491980751,1215.860000000000,0.050400000000
1491980825,1214.790000000000,4.016800000000
1491980825,1214.790000000000,2.500000000000
1491980826,1214.790000000000,1.178600000000
1491980826,1214.790000000000,1.666600000000
1491980826,1214.790000000000,3.333400000000
1491980827,1214.790000000000,1.321400000000
1491980965,1214.920000000000,0.248300000000
1491981243,1215.720000000000,0.087600000000
1491981304,1215.720000000000,0.000800000000
1491981718,1216.200000000000,0.029200000000
1491982218,1217.550000000000,0.000100000000
1491982771,1217.190000000000,0.940000000000
1491982830,1217.010000000000,1.100000000000
1491982879,1218.090000000000,1.050000000000
1491982987,1218.410000000000,1.190000000000
1491983061,1218.460000000000,1.030000000000
1491983093,1217.920000000000,0.004400000000
1491983108,1218.460000000000,0.960000000000
1491983170,1218.370000000000,1.050000000000
1491983192,1218.440000000000,0.550000000000
1491983192,1218.370000000000,1.450000000000
1491983225,1218.400000000000,2.000000000000
1491983254,1218.410000000000,2.000000000000
1491983255,1218.220000000000,0.860000000000
1491983265,1218.220000000000,2.000000000000
1491983290,1218.220000000000,0.082000000000
1491983290,1218.400000000000,1.088000000000
1491983329,1218.210000000000,2.000000000000
1491983352,1217.940000000000,1.130000000000
1491983365,1218.270000000000,1.919000000000
1491983365,1218.210000000000,0.081000000000
1491983543,1218.270000000000,1.000000000000
1491983551,1218.270000000000,1.000000000000
1491983602,1218.280000000000,1.000000000000
1491983605,1218.280000000000,1.000000000000
1491983663,1218.530000000000,1.000000000000
1491983665,1218.530000000000,0.282000000000
1491983725,1217.900000000000,1.000000000000
1491983786,1218.130000000000,1.000000000000
1491983838,1218.660000000000,0.021900000000
1491983843,1218.660000000000,1.000000000000
1491983843,1218.660000000000,1.000000000000
1491983886,1217.920000000000,1.000000000000
1491983907,1218.460000000000,2.000000000000
1491983907,1218.460000000000,1.000000000000
1491983912,1218.570000000000,2.000000000000
1491983915,1218.560000000000,1.000000000000
1491983917,1218.560000000000,2.000000000000
1491983940,1218.620000000000,2.000000000000
1491983949,1218.630000000000,2.000000000000
1491983957,1218.740000000000,2.000000000000
1491983966,1218.860000000000,1.000000000000
1491983987,1218.860000000000,2.000000000000
1491983996,1218.720000000000,2.000000000000
1491984004,1218.710000000000,2.000000000000
1491984029,1218.520000000000,1.000000000000
1491984083,1218.850000000000,1.000000000000
1491984148,1218.850000000000,1.000000000000
1491984384,1218.280000000000,0.002400000000
1491984407,1219.110000000000,0.025500000000
1491984504,1218.280000000000,0.600000000000
1491984919,1218.720000000000,0.004400000000
1491985106,1219.080000000000,0.000100000000
1491985656,1220.930000000000,1.451500000000
1491985659,1220.930000000000,0.000100000000
1491985721,1221.060000000000,0.200000000000
1491985722,1221.810000000000,1.300000000000
1491985722,1221.450000000000,0.100000000000
1491985878,1221.540000000000,2.500000000000
1491986020,1221.700000000000,0.007300000000
1491986048,1221.700000000000,3.189800000000
1491986511,1222.590000000000,0.204000000000
1491986511,1222.590000000000,0.204000000000
1491986511,1222.590000000000,0.204000000000
1491986511,1222.590000000000,0.204000000000
1491986719,1222.680000000000,0.308000000000
1491986739,1222.680000000000,0.308000000000
1491986763,1222.680000000000,0.118800000000
1491986830,1222.680000000000,0.309000000000
1491987171,1224.010000000000,0.278000000000
1491987187,1224.020000000000,2.000000000000
1491987187,1224.010000000000,1.666500000000
1491987187,1224.010000000000,0.833500000000
1491987188,1224.010000000000,0.540900000000
1491987188,1223.950000000000,1.959100000000
1491987189,1223.950000000000,2.492600000000
1491987239,1223.700000000000,2.500000000000
1491987479,1223.650000000000,2.500000000000
1491987638,1222.640000000000,2.001500000000
1491987639,1222.710000000000,3.003900000000
1491987669,1222.700000000000,2.500000000000
1491987670,1222.710000000000,1.000000000000
1491987670,1222.710000000000,0.831900000000
1491987670,1222.710000000000,0.168100000000
1491987671,1222.710000000000,1.000000000000
1491987671,1222.710000000000,0.399400000000
1491987671,1222.710000000000,0.600600000000
1491987671,1222.710000000000,1.000000000000
1491987671,1222.710000000000,0.738300000000
1491987671,1222.710000000000,0.261700000000
1491987672,1222.710000000000,1.000000000000
1491987672,1222.710000000000,0.832400000000
1491987672,1222.700000000000,2.500000000000
1491987672,1222.710000000000,0.132200000000
1491987673,1222.710000000000,0.005000000000
1491987673,1222.710000000000,1.000000000000
1491987673,1222.710000000000,1.000000000000
1491987673,1222.710000000000,0.995000000000
1491987673,1222.710000000000,1.000000000000
1491987673,1222.710000000000,0.035400000000
1491987674,1222.710000000000,1.000000000000
1491987674,1222.760000000000,0.498600000000
1491987674,1222.710000000000,0.455200000000
1491987674,1222.760000000000,0.101400000000
1491987674,1222.710000000000,1.000000000000
1491987674,1222.710000000000,0.544800000000
1491987675,1222.870000000000,2.108300000000
1491987675,1222.870000000000,2.330100000000
1491988224,1222.960000000000,0.000200000000
1491988723,1222.580000000000,0.000100000000
1491988741,1222.580000000000,2.500000000000
1491988824,1221.330000000000,0.004400000000
1491989999,1222.200000000000,0.010200000000
1491990121,1223.240000000000,0.026100000000
1491990872,1222.870000000000,2.500000000000
1491991185,1222.250000000000,0.015100000000
1491991631,1222.170000000000,0.014500000000
1491992869,1217.450000000000,0.000100000000
1491993168,1218.020000000000,1.905400000000
1491993181,1219.370000000000,0.016000000000
1491993418,1218.910000000000,0.040000000000
1491993588,1219.880000000000,0.025500000000
1491993864,1219.600000000000,0.116300000000
1491993894,1219.470000000000,0.004400000000
1491994601,1221.060000000000,0.043600000000
1491994800,1221.230000000000,2.500000000000
1491994800,1221.220000000000,0.193200000000
1491994801,1221.220000000000,0.806800000000
1491994801,1219.390000000000,2.500000000000
1491994802,1219.390000000000,0.316600000000
1491994802,1219.540000000000,0.870600000000
1491994802,1221.230000000000,2.183400000000
1491994802,1221.230000000000,1.629400000000
1491995471,1219.750000000000,0.043600000000
1491995517,1219.760000000000,2.200300000000
1491995517,1219.750000000000,1.959900000000
1491995518,1219.760000000000,2.053100000000
1491995518,1219.750000000000,2.500000000000
1491995518,1219.760000000000,0.619800000000
1491995519,1219.760000000000,0.126800000000
1491995519,1219.760000000000,0.300000000000
1491995519,1219.780000000000,2.755900000000
1491995520,1219.750000000000,1.990000000000
1491996155,1220.300000000000,0.008700000000
1491996254,1220.390000000000,0.004400000000
1491996264,1220.390000000000,0.004400000000
1491996278,1220.600000000000,0.032000000000
1491996449,1220.960000000000,0.723000000000
1491996449,1221.000000000000,2.500000000000
1491996554,1220.850000000000,0.002200000000
1491996584,1220.850000000000,0.002200000000
1491996644,1220.360000000000,0.003800000000
1491996729,1220.450000000000,0.008000000000
1491996844,1220.840000000000,0.043600000000
1491997184,1220.530000000000,0.002400000000
1491997264,1220.530000000000,0.000100000000
1491997376,1221.460000000000,0.014500000000
1491997495,1221.030000000000,0.002400000000
1491997567,1220.320000000000,0.140000000000
1491997867,1220.660000000000,0.598800000000
1491997888,1221.200000000000,0.007300000000
1491998033,1222.050000000000,0.025400000000
1491998182,1221.860000000000,0.072700000000
1491998204,1221.050000000000,0.000100000000
1491999191,1221.120000000000,0.005100000000
1491999204,1221.120000000000,0.057400000000
1491999261,1221.090000000000,0.014500000000
1491999316,1221.240000000000,0.008000000000
1491999333,1221.240000000000,0.122100000000
1491999414,1221.210000000000,0.004000000000
1491999692,1221.220000000000,0.016000000000
1491999895,1221.430000000000,0.087200000000
1491999988,1220.800000000000,0.026200000000
1492000025,1220.050000000000,0.000100000000
1492000055,1221.240000000000,0.007300000000
1492000077,1220.960000000000,0.007300000000
1492000124,1220.960000000000,0.001500000000
1492000339,1220.540000000000,0.003700000000
1492000383,1220.770000000000,0.107500000000
1492000795,1220.750000000000,0.014500000000
1492000828,1219.910000000000,2.500000000000
1492000843,1219.670000000000,2.494000000000
1492000908,1219.800000000000,2.500000000000
1492000929,1219.000000000000,0.545300000000
1492000929,1219.010000000000,2.500000000000
1492000930,1219.000000000000,0.371300000000
1492000930,1219.010000000000,2.500000000000
1492000930,1219.000000000000,3.442400000000
1492000931,1219.000000000000,3.306300000000
1492000931,1219.000000000000,3.687200000000
1492000931,1219.010000000000,2.500000000000
1492000931,1219.000000000000,0.799800000000
1492000932,1219.010000000000,2.500000000000
1492000932,1219.000000000000,3.476700000000
1492000932,1219.000000000000,2.564100000000
1492000932,1219.000000000000,2.917600000000
1492000932,1219.000000000000,1.358600000000
1492000933,1219.000000000000,2.944800000000
1492000933,1219.010000000000,2.500000000000
1492000933,1219.000000000000,0.303000000000
1492000936,1219.030000000000,2.291300000000
1492001015,1219.760000000000,0.101900000000
1492001239,1219.000000000000,2.690200000000
1492001239,1219.010000000000,2.500000000000
1492001239,1219.000000000000,1.222000000000
1492001240,1219.000000000000,1.370700000000
1492001240,1219.010000000000,0.955100000000
1492001240,1218.910000000000,1.544900000000
1492001241,1218.920000000000,1.674000000000
1492001241,1219.010000000000,0.826000000000
1492001241,1218.890000000000,2.442100000000
1492001417,1218.990000000000,2.176200000000
1492001417,1218.990000000000,2.823800000000
1492001418,1219.000000000000,0.050000000000
1492001418,1219.020000000000,0.639600000000
1492001470,1219.760000000000,0.054600000000
1492001552,1219.620000000000,0.029100000000
1492001687,1218.500000000000,0.087400000000
1492001711,1218.500000000000,0.011700000000
1492001748,1217.690000000000,2.500000000000
1492001748,1217.300000000000,0.922900000000
1492001749,1217.300000000000,0.678300000000
1492001749,1217.550000000000,2.500000000000
1492001749,1217.300000000000,2.719600000000
1492001750,1217.550000000000,2.500000000000
1492001750,1217.300000000000,0.679200000000
1492001760,1217.170000000000,2.500000000000
1492001760,1217.170000000000,3.361800000000
1492001761,1217.430000000000,2.969600000000
1492001761,1217.170000000000,1.293000000000
1492001761,1217.170000000000,2.030400000000
1492001762,1217.170000000000,3.145000000000
1492001763,1217.170000000000,2.321800000000
1492001763,1217.170000000000,1.855000000000
1492001763,1217.190000000000,2.664300000000
1492001763,1217.170000000000,1.473100000000
1492001763,1217.270000000000,1.026900000000
1492001829,1216.160000000000,3.140100000000
1492001830,1216.170000000000,0.837500000000
1492001830,1216.160000000000,2.500000000000
1492001831,1216.170000000000,3.347600000000
1492001878,1216.860000000000,0.058400000000
1492001881,1215.850000000000,2.500000000000
1492001907,1215.930000000000,0.453500000000
1492002158,1216.060000000000,0.029200000000
1492002354,1216.110000000000,0.037900000000
1492002389,1216.110000000000,2.500000000000
1492002390,1216.100000000000,0.100000000000
1492002391,1215.620000000000,2.500000000000
1492002391,1216.110000000000,1.224200000000
1492002391,1215.620000000000,1.275800000000
1492002392,1215.540000000000,2.500000000000
1492002393,1215.780000000000,2.500000000000
1492002393,1215.770000000000,2.500000000000
1492002394,1215.770000000000,0.879200000000
1492002394,1216.110000000000,1.620800000000
1492002554,1215.650000000000,3.258700000000
1492002560,1215.650000000000,0.788200000000
1492002560,1215.650000000000,2.500000000000
1492002561,1215.650000000000,1.079400000000
1492002561,1215.650000000000,3.132400000000
1492002561,1215.660000000000,1.820600000000
1492002562,1215.650000000000,2.878100000000
1492002571,1215.680000000000,0.061400000000
1492002576,1215.670000000000,0.058400000000
1492002609,1216.320000000000,3.331700000000
1492002610,1216.320000000000,2.500000000000
1492002676,1216.290000000000,2.500000000000
1492002678,1216.280000000000,2.500000000000
1492002753,1215.960000000000,2.500000000000
1492002755,1215.960000000000,2.500000000000
1492002783,1215.980000000000,0.016800000000
1492002841,1215.930000000000,0.014600000000
1492003030,1216.170000000000,0.004200000000
1492003055,1216.170000000000,2.495800000000
1492003056,1216.180000000000,2.500000000000
1492003056,1216.190000000000,0.230700000000
1492003056,1216.190000000000,0.532600000000
1492003221,1215.670000000000,0.008800000000
1492003225,1215.670000000000,0.087600000000
1492003300,1215.670000000000,0.003200000000
1492003313,1215.670000000000,0.005100000000
1492003593,1215.330000000000,1.964100000000
1492003597,1215.480000000000,0.010900000000
1492003833,1215.390000000000,2.500000000000
1492003834,1215.390000000000,2.352400000000
1492003834,1215.230000000000,0.147600000000
1492003835,1215.390000000000,1.619800000000
1492003835,1215.390000000000,0.880200000000
1492003835,1215.390000000000,2.500000000000
1492003836,1215.390000000000,2.419500000000
1492003902,1215.220000000000,2.017700000000
1492004029,1215.900000000000,0.014600000000
1492004241,1216.150000000000,0.024800000000
1492004313,1216.150000000000,0.146000000000
1492004320,1216.150000000000,0.027000000000
1492004557,1216.150000000000,0.003600000000
1492004635,1216.150000000000,0.005100000000
1492004715,1216.150000000000,0.054700000000
1492004787,1216.150000000000,1.925300000000
1492004787,1216.150000000000,0.958300000000
1492004787,1216.150000000000,3.466900000000
1492004787,1216.150000000000,0.574700000000
1492004788,1216.250000000000,2.092500000000
1492004809,1216.980000000000,0.065600000000
1492004949,1216.960000000000,2.500000000000
1492004950,1216.970000000000,0.087400000000
1492004950,1216.970000000000,0.050500000000
1492004951,1216.990000000000,2.431800000000
1492004951,1216.990000000000,2.760700000000
1492004951,1216.960000000000,2.313700000000
1492004952,1216.990000000000,1.292900000000
1492004952,1216.990000000000,2.514600000000
1492004952,1216.960000000000,0.186300000000
1492005035,1218.510000000000,0.090000000000
1492005153,1221.970000000000,0.050000000000
1492005194,1222.160000000000,0.065300000000
1492005218,1222.510000000000,0.019600000000
1492005260,1222.100000000000,4.643300000000
1492005307,1222.830000000000,0.019600000000
1492005420,1222.830000000000,0.043500000000
1492005426,1222.830000000000,0.050800000000
1492005491,1222.830000000000,0.033400000000
1492005495,1222.830000000000,0.072600000000
1492005546,1222.830000000000,0.054400000000
1492005551,1222.830000000000,0.029700000000
1492005692,1222.830000000000,0.015900000000
1492005792,1223.330000000000,0.100000000000
1492005800,1223.990000000000,0.008900000000
1492005874,1223.990000000000,0.007200000000
1492005910,1223.730000000000,0.000100000000
1492005990,1223.990000000000,0.002700000000
1492006206,1223.990000000000,0.004400000000
1492006225,1223.990000000000,0.066800000000
1492006226,1224.100000000000,0.038300000000
1492006257,1223.700000000000,0.008700000000
1492006431,1222.920000000000,0.730000000000
1492006477,1223.000000000000,0.098000000000
1492006494,1223.000000000000,0.902000000000
1492006506,1223.450000000000,0.036300000000
1492006514,1223.450000000000,0.058100000000
1492006549,1223.110000000000,1.171100000000
1492006549,1223.130000000000,2.500000000000
1492006550,1223.040000000000,1.428900000000
1492006550,1223.130000000000,1.328900000000
1492006580,1223.440000000000,0.000700000000
1492006824,1223.430000000000,0.014500000000
1492006831,1223.430000000000,0.009400000000
1492006842,1223.430000000000,0.014500000000
1492006993,1223.450000000000,0.061000000000
1492006993,1223.430000000000,2.461600000000
1492006993,1223.440000000000,0.100000000000
1492006993,1223.450000000000,0.844600000000
1492006994,1223.460000000000,1.000000000000
1492006994,1223.530000000000,1.274200000000
1492006995,1223.430000000000,1.225800000000
1492006995,1223.530000000000,1.928400000000
1492006996,1223.440000000000,0.571600000000
1492007019,1224.100000000000,0.101600000000
1492007043,1224.100000000000,0.072600000000
1492007120,1224.100000000000,0.016000000000
1492007238,1224.100000000000,0.058000000000
1492007402,1223.490000000000,0.013100000000
1492007519,1222.960000000000,0.000100000000
1492007606,1223.400000000000,0.119500000000
1492007617,1223.400000000000,0.042200000000
1492007626,1223.400000000000,0.002600000000
1492007668,1223.400000000000,0.072500000000
1492007732,1223.800000000000,0.013100000000
1492007747,1223.060000000000,0.014500000000
1492007789,1223.050000000000,0.014500000000
1492007836,1223.000000000000,5.718800000000
1492007876,1223.660000000000,0.036300000000
1492007916,1223.660000000000,0.003100000000
1492008255,1223.350000000000,0.050100000000
1492008320,1223.350000000000,0.087100000000
1492008417,1223.350000000000,0.021800000000
1492008519,1223.000000000000,2.500000000000
1492008520,1222.970000000000,2.500000000000
1492008521,1222.880000000000,2.500000000000
1492008658,1223.110000000000,4.000000000000
1492008872,1222.310000000000,0.050100000000
1492009133,1222.490000000000,0.032700000000
1492009292,1222.490000000000,0.008700000000
1492009415,1222.300000000000,2.997000000000
1492009415,1222.300000000000,2.003000000000
1492009415,1222.300000000000,1.113600000000
1492009415,1222.300000000000,2.457300000000
1492009416,1222.300000000000,1.429100000000
1492009416,1222.340000000000,0.921600000000
1492009416,1222.340000000000,1.578400000000
1492009416,1222.500000000000,0.741400000000
1492009452,1222.500000000000,2.040000000000
1492009453,1222.500000000000,2.218600000000
1492009453,1222.550000000000,0.202700000000
1492009453,1222.550000000000,3.248200000000
1492009540,1222.550000000000,0.870000000000
1492009598,1222.550000000000,0.039900000000
1492009601,1222.550000000000,0.005100000000
1492009605,1222.550000000000,0.072600000000
1492009612,1222.550000000000,0.004400000000
1492009700,1222.550000000000,0.331500000000
1492009700,1222.550000000000,0.148800000000
1492009700,1223.120000000000,0.359700000000
1492009899,1222.860000000000,0.016000000000
1492009949,1222.860000000000,0.900000000000
1492009949,1222.850000000000,0.100000000000
1492009971,1222.530000000000,0.014500000000
1492010007,1222.320000000000,1.000000000000
1492010064,1222.320000000000,0.232300000000
1492010068,1222.320000000000,1.000000000000
1492010095,1222.400000000000,1.000000000000
1492010125,1221.990000000000,1.000000000000
1492010143,1221.990000000000,0.072600000000
1492010181,1221.830000000000,1.000000000000
1492010217,1221.310000000000,0.009400000000
1492010237,1221.310000000000,1.070000000000
1492010241,1221.510000000000,1.000000000000
1492010297,1221.050000000000,0.940000000000
1492010301,1221.050000000000,1.000000000000
1492010351,1221.470000000000,0.870000000000
1492010362,1221.470000000000,1.000000000000
1492010423,1221.370000000000,1.000000000000
1492010433,1221.370000000000,0.840000000000
1492010440,1221.580000000000,0.029100000000
1492010484,1221.580000000000,1.000000000000
1492010491,1221.580000000000,1.010000000000
1492010536,1221.890000000000,1.090000000000
1492010542,1221.890000000000,1.000000000000
1492010594,1221.710000000000,1.130000000000
1492010605,1221.800000000000,1.000000000000
1492010634,1221.800000000000,0.025400000000
1492010658,1221.800000000000,0.145200000000
1492010662,1221.620000000000,0.051000000000
1492010713,1221.260000000000,1.000000000000
1492010722,1221.260000000000,1.000000000000
1492010781,1221.560000000000,1.000000000000
1492010798,1221.560000000000,0.065400000000
1492010841,1221.560000000000,1.000000000000
1492010863,1221.430000000000,0.025400000000
1492010903,1221.430000000000,1.000000000000
1492010965,1221.330000000000,1.000000000000
1492011021,1221.160000000000,1.000000000000
1492011087,1221.160000000000,1.000000000000
1492011140,1221.000000000000,1.000000000000
1492011200,1220.870000000000,1.000000000000
1492011258,1221.130000000000,0.010900000000
1492011261,1221.130000000000,1.000000000000
1492011321,1221.130000000000,1.000000000000
1492011345,1221.130000000000,0.014500000000
1492011354,1221.130000000000,0.029100000000
1492011384,1221.130000000000,1.000000000000
1492011435,1221.090000000000,0.047200000000
1492011446,1221.450000000000,1.000000000000
1492011496,1221.440000000000,0.003600000000
1492011552,1221.260000000000,1.000000000000
1492011561,1221.260000000000,1.000000000000
1492011621,1221.570000000000,1.000000000000
1492011680,1221.200000000000,1.000000000000
1492011711,1221.130000000000,0.025400000000
1492011724,1221.730000000000,0.025400000000
1492011741,1221.730000000000,1.000000000000
1492011818,1221.420000000000,0.016000000000
1492011986,1221.530000000000,0.010900000000
1492012032,1221.720000000000,0.109000000000
1492012040,1221.720000000000,0.050900000000
1492012087,1221.910000000000,0.058100000000
1492012096,1221.910000000000,0.145300000000
1492012152,1221.910000000000,0.014500000000
1492012332,1221.960000000000,0.101700000000
1492012422,1222.580000000000,0.022500000000
1492012435,1222.580000000000,0.002700000000
1492012442,1222.580000000000,0.072600000000
1492012450,1222.580000000000,0.065400000000
1492012477,1222.350000000000,0.026100000000
1492012555,1222.660000000000,0.032700000000
1492012572,1222.660000000000,0.018900000000
1492012774,1222.480000000000,0.030500000000
1492012918,1222.480000000000,0.072700000000
1492013052,1222.250000000000,0.864300000000
1492013086,1222.250000000000,0.167200000000
1492013089,1222.250000000000,1.993000000000
1492013091,1222.160000000000,0.018200000000
1492013173,1222.160000000000,0.145300000000
1492013249,1221.730000000000,0.072600000000
1492013335,1221.990000000000,0.072700000000
1492013348,1221.830000000000,0.014500000000
1492013410,1220.870000000000,1.000000000000
1492013492,1221.390000000000,0.218000000000
1492013510,1221.300000000000,0.043600000000
1492013536,1220.790000000000,0.109000000000
1492013550,1220.580000000000,0.008700000000
1492013616,1220.110000000000,0.072800000000
1492013714,1218.540000000000,0.026300000000
1492013752,1218.540000000000,0.007300000000
1492013826,1217.410000000000,0.145800000000
1492013916,1217.410000000000,0.018200000000
1492014072,1217.410000000000,0.163000000000
1492014072,1217.410000000000,0.144800000000
1492014073,1217.410000000000,0.163000000000
1492014073,1217.410000000000,0.163000000000
1492014073,1217.410000000000,0.163000000000
1492014074,1217.410000000000,0.203200000000
1492014074,1217.410000000000,1.000000000000
1492014074,1217.410000000000,1.000000000000
1492014074,1217.410000000000,1.000000000000
1492014079,1217.360000000000,0.016800000000
1492014090,1217.360000000000,0.032800000000
1492014097,1217.610000000000,2.442700000000
1492014138,1217.270000000000,1.290500000000
1492014213,1217.570000000000,0.014600000000
1492014216,1216.600000000000,0.000100000000
1492014217,1217.560000000000,0.072900000000
1492014252,1216.180000000000,2.500000000000
1492014258,1216.800000000000,0.014600000000
1492014265,1215.870000000000,2.500000000000
1492014277,1215.790000000000,0.010200000000
1492014384,1216.320000000000,0.007300000000
1492014549,1216.300000000000,0.087600000000
1492014574,1216.290000000000,0.014600000000
1492014577,1216.290000000000,0.025500000000
1492014659,1216.350000000000,0.003600000000
1492014694,1216.860000000000,0.131400000000
1492014754,1216.860000000000,0.072900000000
1492014754,1216.860000000000,0.168800000000
1492014760,1216.860000000000,0.014600000000
1492014913,1216.800000000000,2.000000000000
1492014914,1216.290000000000,0.987700000000
1492014914,1216.800000000000,1.411600000000
1492014914,1216.800000000000,1.088400000000
1492014914,1216.290000000000,3.842600000000
1492014915,1216.440000000000,2.504400000000
1492014915,1216.320000000000,2.500000000000
1492014916,1216.800000000000,2.500000000000
1492014917,1216.420000000000,0.350000000000
1492014917,1216.750000000000,2.386100000000
1492014923,1216.680000000000,0.007600000000
1492014931,1215.820000000000,0.000500000000
1492015001,1216.310000000000,0.036500000000
1492015028,1216.000000000000,2.000000000000
1492015029,1216.010000000000,0.794300000000
1492015029,1215.950000000000,1.705700000000
1492015030,1215.870000000000,2.404900000000
1492015030,1215.870000000000,2.500000000000
1492015043,1216.000000000000,0.076700000000
1492015138,1216.470000000000,0.014600000000
1492015165,1216.470000000000,0.073000000000
1492015184,1216.470000000000,0.018200000000
1492015293,1216.970000000000,0.145900000000
1492015315,1216.840000000000,0.291800000000
1492015327,1216.840000000000,0.036500000000
1492015383,1216.250000000000,0.538100000000
1492015392,1216.250000000000,0.021900000000
1492015449,1216.710000000000,0.087600000000
1492015461,1215.940000000000,0.149600000000
1492015680,1217.180000000000,0.014600000000
1492015707,1215.370000000000,0.054100000000
1492015747,1216.020000000000,0.192300000000
1492015747,1216.020000000000,0.000100000000
1492015878,1217.400000000000,0.383800000000
1492015902,1217.400000000000,0.001500000000
1492015923,1217.400000000000,0.014600000000
1492015927,1217.400000000000,0.025500000000
1492015968,1217.400000000000,0.001700000000
1492015978,1217.180000000000,2.750300000000
1492015998,1217.180000000000,0.383700000000
1492016220,1217.910000000000,0.008000000000
1492016226,1217.910000000000,0.036400000000
1492016301,1217.910000000000,2.886300000000
1492016301,1217.910000000000,1.116900000000
1492016301,1217.910000000000,2.455600000000
1492016302,1217.910000000000,0.996800000000
1492016303,1217.990000000000,0.021200000000
1492016303,1218.000000000000,2.536800000000
1492016303,1217.990000000000,2.478800000000
1492016304,1218.000000000000,3.086700000000
1492016304,1218.000000000000,2.416200000000
1492016304,1218.000000000000,2.612800000000
1492016304,1218.000000000000,2.250600000000
1492016304,1218.000000000000,3.532700000000
1492016310,1217.990000000000,2.698300000000
1492016328,1217.990000000000,1.457800000000
1492016328,1218.000000000000,0.942500000000
1492016328,1217.990000000000,3.542200000000
1492016329,1217.990000000000,3.481100000000
1492016329,1218.000000000000,2.770800000000
1492016330,1218.000000000000,2.734300000000
1492016330,1218.000000000000,3.429200000000
1492016333,1218.000000000000,16.400000000000
1492016337,1218.000000000000,3.233200000000
1492016338,1218.000000000000,3.011900000000
1492016338,1218.000000000000,2.165900000000
1492016339,1218.000000000000,2.169500000000
1492016339,1218.000000000000,2.487900000000
1492016339,1218.000000000000,2.990900000000
1492016339,1218.000000000000,2.834500000000
1492016340,1218.000000000000,2.681900000000
1492016364,1218.000000000000,0.007300000000
1492016382,1218.000000000000,0.010900000000
1492016400,1218.000000000000,2.327500000000
1492016401,1218.000000000000,3.326300000000
1492016401,1218.000000000000,2.901900000000
1492016402,1218.000000000000,2.530500000000
1492016402,1218.000000000000,3.218100000000
1492016402,1218.000000000000,3.024600000000
1492016403,1218.000000000000,2.924600000000
1492016403,1218.000000000000,1.976900000000
1492016403,1218.000000000000,3.295800000000
1492016404,1218.000000000000,1.957000000000
1492016420,1218.000000000000,2.091400000000
1492016420,1218.000000000000,2.006700000000
1492016433,1218.000000000000,0.036400000000
1492016453,1218.000000000000,2.376400000000
1492016454,1218.000000000000,1.699400000000
1492016496,1219.130000000000,0.057500000000
1492016611,1218.700000000000,0.007300000000
1492016778,1218.690000000000,0.016700000000
1492016904,1218.690000000000,0.025500000000
1492017018,1218.300000000000,2.500000000000
1492017022,1218.410000000000,0.025500000000
1492017026,1218.140000000000,0.211700000000
1492017026,1218.150000000000,2.500000000000
1492017027,1218.140000000000,2.953900000000
1492017027,1218.150000000000,2.500000000000
1492017027,1218.140000000000,1.490100000000
1492017028,1217.720000000000,2.500000000000
1492017028,1218.150000000000,2.500000000000
1492017029,1218.150000000000,2.276200000000
1492017029,1217.720000000000,0.223800000000
1492017086,1217.900000000000,0.153000000000
1492017202,1217.590000000000,0.014600000000
1492017206,1217.590000000000,0.021800000000
1492017258,1217.590000000000,0.034500000000
1492017331,1217.980000000000,0.021900000000
1492017388,1217.710000000000,0.043400000000
1492017444,1217.960000000000,0.049500000000
1492017459,1217.960000000000,0.008700000000
1492017505,1217.960000000000,0.051000000000
1492017623,1217.750000000000,0.036400000000
1492017636,1217.750000000000,0.016800000000
1492017731,1217.420000000000,0.042300000000
1492017823,1218.180000000000,0.033500000000
1492017872,1218.180000000000,0.010200000000
1492017919,1218.180000000000,2.456300000000
1492017920,1218.180000000000,2.240500000000
1492017920,1218.180000000000,0.547000000000
1492017925,1218.580000000000,0.014600000000
1492017954,1218.570000000000,0.145700000000
1492017961,1218.570000000000,0.058300000000
1492017989,1219.220000000000,0.072800000000
1492018109,1218.810000000000,0.015300000000
1492018183,1218.790000000000,0.010900000000
1492018207,1218.790000000000,0.016700000000
1492018218,1218.790000000000,0.008700000000
1492018222,1218.790000000000,0.023300000000
1492018225,1218.790000000000,0.008700000000
1492018274,1218.790000000000,0.047300000000
1492018316,1218.790000000000,0.000700000000
1492018345,1218.790000000000,0.101900000000
1492018368,1218.790000000000,0.029100000000
1492018492,1218.420000000000,0.014600000000
1492018551,1218.900000000000,0.021100000000
1492018565,1218.900000000000,0.016700000000
1492018590,1218.900000000000,0.018200000000
1492018634,1218.900000000000,0.058200000000
1492018643,1218.900000000000,0.010900000000
1492018706,1218.780000000000,0.007300000000
1492018745,1218.600000000000,0.008700000000
1492018749,1218.600000000000,0.109200000000
1492018775,1218.600000000000,0.016700000000
1492018830,1218.990000000000,0.014600000000
1492018974,1218.190000000000,0.154800000000
1492019073,1218.560000000000,0.027700000000
1492019098,1218.560000000000,0.305000000000
1492019099,1218.560000000000,0.021800000000
1492019119,1218.360000000000,0.007300000000
1492019126,1218.360000000000,0.305000000000
1492019130,1218.360000000000,0.083700000000
1492019198,1218.360000000000,0.034900000000
1492019216,1217.730000000000,0.065000000000
1492019233,1218.360000000000,0.018200000000
1492019272,1218.360000000000,0.058200000000
1492019368,1218.360000000000,0.043700000000
1492019387,1218.360000000000,0.377100000000
1492019422,1218.360000000000,0.010900000000
1492019477,1218.360000000000,0.005800000000
1492019501,1218.360000000000,3.064800000000
1492019515,1218.360000000000,0.014600000000
1492019526,1218.360000000000,0.011600000000
1492019561,1218.360000000000,0.125200000000
1492019822,1218.360000000000,0.077500000000
1492019865,1218.360000000000,0.163000000000
1492019865,1218.360000000000,0.761500000000
1492019866,1218.360000000000,0.163000000000
1492019866,1218.360000000000,0.163000000000
1492019866,1218.360000000000,0.163000000000
1492019866,1218.360000000000,0.163000000000
1492019866,1218.360000000000,0.163000000000
1492019866,1218.360000000000,0.163000000000
1492019866,1218.360000000000,0.163000000000
1492019867,1218.380000000000,0.968200000000
1492019867,1218.360000000000,0.163000000000
1492019867,1218.380000000000,1.531800000000
1492019867,1218.360000000000,0.163000000000
1492019868,1218.350000000000,2.125500000000
1492019868,1218.350000000000,1.540500000000
1492019868,1218.580000000000,1.334000000000
1492019933,1219.000000000000,0.014500000000
1492019943,1219.000000000000,0.072700000000
1492019946,1219.000000000000,0.174500000000
1492020031,1219.000000000000,0.029100000000
1492020071,1219.000000000000,0.016700000000
1492020074,1219.000000000000,0.290900000000
1492020083,1219.000000000000,0.016700000000
1492020177,1219.000000000000,0.004400000000
1492020252,1219.000000000000,0.156300000000
1492020255,1219.000000000000,0.050900000000
1492020353,1219.000000000000,0.017300000000
1492020375,1219.000000000000,0.032700000000
1492020490,1219.000000000000,0.007300000000
1492020526,1219.000000000000,0.025500000000
1492020566,1219.000000000000,0.010900000000
1492020601,1219.000000000000,0.130800000000
1492020657,1219.000000000000,0.007300000000
1492020675,1219.000000000000,0.076300000000
1492020684,1219.000000000000,0.010200000000
1492020768,1219.000000000000,0.008000000000
1492020816,1218.040000000000,2.640400000000
1492020816,1218.420000000000,2.500000000000
1492020816,1217.800000000000,5.000000000000
1492020817,1216.300000000000,3.872900000000
1492020818,1218.930000000000,0.036300000000
1492020931,1218.900000000000,0.163500000000
1492020937,1218.900000000000,0.130800000000
1492020946,1218.900000000000,0.087200000000
1492021073,1218.720000000000,0.003600000000
1492021079,1218.720000000000,0.002900000000
1492021126,1218.990000000000,0.006500000000
1492021268,1218.990000000000,0.021700000000
1492021301,1218.990000000000,0.037800000000
1492021370,1218.960000000000,0.007300000000
1492021411,1218.960000000000,0.008000000000
1492021459,1218.960000000000,0.072700000000
1492021552,1218.960000000000,0.016700000000
1492021596,1218.960000000000,0.039000000000
1492021620,1218.960000000000,0.001500000000
1492021773,1218.960000000000,0.004400000000
1492021948,1218.960000000000,0.014500000000
1492021977,1218.960000000000,0.037800000000
1492021983,1218.960000000000,0.050900000000
1492022081,1219.650000000000,0.104700000000
1492022107,1219.650000000000,0.021800000000
1492022114,1219.650000000000,0.043600000000
1492022123,1219.650000000000,0.018200000000
1492022189,1219.570000000000,0.024000000000
1492022206,1219.570000000000,0.016700000000
1492022229,1219.990000000000,0.014500000000
1492022282,1219.990000000000,0.018200000000
1492022301,1219.990000000000,0.042200000000
1492022309,1220.320000000000,0.008700000000
1492022437,1220.500000000000,0.014500000000
1492022460,1220.500000000000,0.005800000000
1492022498,1220.500000000000,0.036300000000
1492022595,1220.720000000000,0.042200000000
1492022600,1220.720000000000,0.014500000000
1492022603,1220.720000000000,0.007300000000
1492022636,1220.720000000000,0.008700000000
1492022766,1220.640000000000,0.012400000000
1492022818,1221.080000000000,0.009400000000
1492022822,1221.080000000000,0.014500000000
1492022923,1220.800000000000,0.014500000000
1492022948,1220.800000000000,0.010200000000
1492022983,1221.230000000000,0.058100000000
1492023032,1221.180000000000,0.014500000000
1492023036,1221.180000000000,0.029800000000
1492023104,1220.970000000000,0.129700000000
1492023318,1220.660000000000,0.164300000000
1492023330,1220.660000000000,0.009400000000
1492023369,1220.660000000000,0.010200000000
1492023403,1220.660000000000,0.148200000000
1492023480,1220.660000000000,0.014500000000
1492023530,1219.800000000000,0.000100000000
1492023531,1220.660000000000,0.018200000000
1492023610,1220.970000000000,0.007200000000
1492023618,1220.970000000000,0.101300000000
1492023654,1221.300000000000,0.021800000000
1492023683,1221.300000000000,0.006500000000
1492023826,1220.640000000000,0.000100000000
1492023914,1221.680000000000,0.010900000000
1492023949,1221.990000000000,0.014500000000
1492023954,1221.990000000000,0.013100000000
1492023978,1221.990000000000,0.021100000000
1492024008,1221.990000000000,0.029000000000
1492024131,1220.240000000000,0.008700000000
1492024149,1221.220000000000,0.123500000000
1492024161,1221.220000000000,0.072600000000
1492024176,1221.220000000000,0.008700000000
1492024337,1221.260000000000,0.069000000000
1492024391,1221.850000000000,0.043600000000
1492024424,1221.990000000000,0.010900000000
1492024489,1221.990000000000,0.029000000000
1492024537,1221.630000000000,0.005400000000
1492024551,1221.990000000000,0.020100000000
1492024656,1221.990000000000,3.268300000000
1492024656,1221.990000000000,2.662800000000
1492024657,1221.990000000000,3.321800000000
1492024657,1221.990000000000,2.108500000000
1492024658,1221.990000000000,2.355600000000
1492024658,1221.990000000000,2.384000000000
1492024658,1221.990000000000,2.690600000000
1492024660,1221.990000000000,0.058000000000
1492024684,1221.990000000000,0.007300000000
1492024716,1221.400000000000,0.004300000000
1492024753,1221.990000000000,0.033400000000
1492024767,1221.990000000000,0.017400000000
1492024775,1221.990000000000,0.881900000000
1492024775,1222.220000000000,0.100000000000
1492024892,1222.410000000000,0.000400000000
1492024896,1223.340000000000,0.021700000000
1492024908,1223.340000000000,0.004300000000
1492024922,1223.340000000000,0.079700000000
1492024947,1223.000000000000,0.250100000000
1492024950,1223.000000000000,0.037700000000
1492025008,1222.410000000000,0.020300000000
1492025036,1222.170000000000,0.018100000000
1492025053,1222.470000000000,0.036300000000
1492025062,1222.470000000000,0.014500000000
1492025104,1222.940000000000,0.003600000000
1492025125,1222.940000000000,0.013100000000
1492025326,1223.320000000000,0.021800000000
1492025339,1223.320000000000,0.018100000000
1492025415,1222.780000000000,0.037000000000
1492025523,1222.230000000000,0.016700000000
1492025538,1222.230000000000,0.183300000000
1492025586,1222.230000000000,0.001500000000
1492025598,1222.230000000000,0.022900000000
1492025618,1222.230000000000,0.038600000000
1492025618,1222.230000000000,0.407000000000
1492025619,1222.230000000000,0.407000000000
1492025619,1222.230000000000,0.407000000000
1492025619,1222.230000000000,0.407000000000
1492025619,1222.230000000000,0.370000000000
1492025704,1222.310000000000,0.003600000000
1492025773,1222.060000000000,0.016000000000
1492025773,1222.420000000000,0.056500000000
1492025907,1221.020000000000,0.003900000000
1492025928,1222.090000000000,0.005800000000
1492025971,1222.090000000000,0.008700000000
1492026027,1221.020000000000,0.000100000000
1492026072,1222.460000000000,0.072600000000
1492026078,1222.670000000000,0.058100000000
1492026119,1221.990000000000,0.007300000000
1492026181,1222.420000000000,0.016700000000
1492026226,1221.530000000000,0.014500000000
1492026265,1221.530000000000,0.014500000000
1492026328,1222.720000000000,0.003600000000
1492026389,1222.390000000000,0.021800000000
1492026404,1222.110000000000,0.050800000000
1492026409,1221.030000000000,0.308000000000
1492026468,1220.660000000000,0.836500000000
1492026564,1219.680000000000,0.026200000000
1492026606,1219.960000000000,0.002200000000
1492026606,1219.680000000000,0.016000000000
1492026618,1219.960000000000,0.050200000000
1492026619,1219.070000000000,2.654300000000
1492026620,1218.000000000000,2.015500000000
1492026620,1218.000000000000,2.099100000000
1492026620,1218.000000000000,2.774700000000
1492026621,1218.000000000000,2.357000000000
1492026621,1218.000000000000,2.307400000000
1492026621,1218.000000000000,2.055200000000
1492026621,1218.000000000000,2.002700000000
1492026621,1218.000000000000,1.826700000000
1492026622,1218.000000000000,1.803200000000
1492026622,1218.000000000000,2.021900000000
1492026622,1218.000000000000,1.856000000000
1492026623,1218.000000000000,3.116000000000
1492026623,1218.000000000000,2.096700000000
1492026623,1218.000000000000,2.253600000000
1492026624,1218.000000000000,2.981900000000
1492026624,1218.000000000000,1.771800000000
1492026624,1218.000000000000,2.530000000000
1492026625,1218.000000000000,1.674100000000
1492026626,1218.000000000000,2.768100000000
1492026626,1218.000000000000,2.326200000000
1492026626,1218.000000000000,2.860600000000
1492026627,1218.000000000000,1.999400000000
1492026627,1218.000000000000,2.087100000000
1492026627,1218.000000000000,2.761500000000
1492026627,1218.000000000000,2.899200000000
1492026628,1218.000000000000,1.666600000000
1492026628,1218.000000000000,1.760000000000
1492026628,1218.000000000000,2.885700000000
1492026629,1218.000000000000,1.935100000000
1492026629,1218.000000000000,2.931400000000
1492026629,1218.000000000000,2.597400000000
1492026629,1218.000000000000,2.811200000000
1492026687,1218.410000000000,0.043700000000
1492026716,1218.410000000000,0.072800000000
1492026816,1217.460000000000,0.008700000000
1492026851,1217.130000000000,0.005800000000
1492026887,1217.130000000000,0.090000000000
1492026888,1217.130000000000,0.163000000000
1492026888,1217.130000000000,0.163000000000
1492026888,1217.130000000000,0.150000000000
1492026889,1217.450000000000,0.414900000000
1492026895,1217.450000000000,0.156600000000
1492026914,1217.450000000000,0.024800000000
1492027028,1217.450000000000,0.000100000000
1492027047,1217.620000000000,0.018200000000
1492027068,1217.450000000000,1.599900000000
1492027075,1218.000000000000,0.016000000000
1492027075,1218.000000000000,3.702300000000
1492027075,1217.250000000000,2.370900000000
1492027076,1218.000000000000,0.910800000000
1492027091,1217.370000000000,0.072800000000
1492027101,1217.370000000000,0.065500000000
1492027112,1217.370000000000,0.029100000000
1492027158,1217.640000000000,0.145600000000
1492027170,1217.640000000000,0.029100000000
1492027196,1217.640000000000,0.291400000000
1492027208,1216.530000000000,0.000800000000
1492027235,1217.640000000000,0.087400000000
1492027303,1217.640000000000,0.094700000000
1492027314,1217.790000000000,0.033500000000
1492027333,1217.560000000000,0.040000000000
1492027340,1217.560000000000,0.010900000000
1492027503,1216.890000000000,0.007300000000
1492027568,1216.980000000000,0.018700000000
1492027579,1216.980000000000,0.383400000000
1492027596,1217.430000000000,0.007300000000
1492027601,1217.430000000000,0.029100000000
1492027629,1217.730000000000,0.101900000000
1492027684,1217.830000000000,0.003600000000
1492027716,1217.830000000000,0.002200000000
1492027883,1217.850000000000,0.032800000000
1492028005,1217.490000000000,2.347200000000
1492028202,1217.200000000000,0.012400000000
1492028437,1217.180000000000,0.011700000000
1492028466,1217.180000000000,0.001500000000
1492028572,1217.240000000000,0.000300000000
1492028572,1216.940000000000,0.015000000000
1492028575,1217.240000000000,0.018900000000
1492028637,1217.240000000000,0.029100000000
1492028685,1217.240000000000,0.021900000000
1492028868,1217.030000000000,0.007300000000
1492028904,1217.030000000000,0.091000000000
1492028951,1217.030000000000,0.002200000000
1492028956,1217.030000000000,0.008700000000
1492028960,1217.030000000000,0.021800000000
1492028979,1217.030000000000,0.032000000000
1492028980,1217.030000000000,0.163000000000
1492028980,1217.030000000000,0.163000000000
1492028980,1217.030000000000,0.163000000000
1492028980,1217.030000000000,0.163000000000
1492028980,1217.030000000000,0.163000000000
1492028980,1217.030000000000,0.163000000000
1492028981,1217.030000000000,0.163000000000
1492028981,1217.030000000000,0.163000000000
1492028981,1217.030000000000,0.086000000000
1492028982,1217.730000000000,0.016700000000
1492029023,1217.730000000000,0.004400000000
1492029041,1217.730000000000,0.043700000000
1492029047,1217.730000000000,0.026200000000
1492029218,1217.720000000000,0.007300000000
1492029235,1217.720000000000,0.014600000000
1492029247,1217.720000000000,0.004400000000
1492029270,1217.720000000000,0.029100000000
1492029299,1217.720000000000,0.014600000000
1492029311,1217.720000000000,0.029100000000
1492029342,1216.960000000000,0.000200000000
1492029374,1217.650000000000,0.014600000000
1492029388,1217.650000000000,0.083700000000
1492029408,1217.650000000000,0.008700000000
1492029426,1217.650000000000,0.010900000000
1492029450,1217.650000000000,0.014600000000
1492029472,1217.270000000000,0.007300000000
1492029518,1217.080000000000,0.020000000000
1492029519,1217.270000000000,0.014600000000
1492029538,1217.720000000000,0.004400000000
1492029545,1217.720000000000,0.207400000000
1492029546,1217.720000000000,0.008000000000
1492029552,1217.720000000000,0.058200000000
1492029563,1217.720000000000,0.066900000000
1492029602,1217.720000000000,0.036400000000
1492029618,1217.720000000000,0.023000000000
1492029838,1216.980000000000,0.087400000000
1492029851,1216.970000000000,0.019700000000
1492029873,1216.950000000000,0.033500000000
1492029911,1216.640000000000,0.010200000000
1492029921,1216.640000000000,0.029100000000
1492029951,1216.640000000000,0.033500000000
1492030111,1216.640000000000,2.248400000000
1492030111,1216.640000000000,1.784000000000
1492030111,1216.640000000000,1.581400000000
1492030111,1216.640000000000,0.095500000000
1492030162,1216.720000000000,0.014600000000
1492030194,1216.720000000000,0.014600000000
1492030207,1216.720000000000,0.016000000000
1492030227,1216.720000000000,0.014600000000
1492030256,1216.720000000000,0.104900000000
1492030270,1216.720000000000,0.008700000000
1492030347,1216.720000000000,0.008700000000
1492030400,1216.690000000000,0.010900000000
1492030411,1216.690000000000,0.008700000000
1492030424,1216.690000000000,0.087400000000
1492030436,1216.020000000000,3.210500000000
1492030437,1216.020000000000,2.500000000000
1492030438,1215.800000000000,3.903400000000
1492030439,1215.750000000000,4.345700000000
1492030439,1215.800000000000,1.096600000000
1492030439,1215.800000000000,2.500000000000
1492030447,1215.860000000000,0.072800000000
1492030456,1215.860000000000,0.083700000000
1492030513,1216.700000000000,0.087400000000
1492030541,1216.700000000000,0.087400000000
1492030549,1216.700000000000,0.010900000000
1492030570,1216.700000000000,0.013800000000
1492030573,1216.700000000000,0.014600000000
1492030625,1216.700000000000,0.021900000000
1492030663,1216.840000000000,0.010900000000
1492030712,1216.840000000000,0.019700000000
1492030775,1216.840000000000,0.033500000000
1492030794,1216.840000000000,0.017500000000
1492030869,1216.840000000000,0.007300000000
1492030978,1216.840000000000,0.033500000000
1492031019,1216.840000000000,0.019700000000
1492031207,1216.360000000000,2.500000000000
1492031207,1216.380000000000,0.070000000000
1492031208,1216.180000000000,2.500000000000
1492031209,1216.360000000000,0.661400000000
1492031209,1216.180000000000,1.838600000000
1492031210,1216.230000000000,2.500000000000
1492031210,1216.200000000000,2.500000000000
1492031214,1215.940000000000,4.046900000000
1492031269,1216.420000000000,0.014600000000
1492031296,1216.420000000000,0.004400000000
1492031336,1216.420000000000,0.014600000000
1492031457,1216.120000000000,0.010900000000
1492031499,1216.120000000000,0.080200000000
1492031506,1216.120000000000,0.032800000000
1492031842,1215.490000000000,0.080200000000
1492031899,1215.000000000000,0.416100000000
1492031899,1215.000000000000,3.543900000000
1492031900,1214.990000000000,2.897200000000
1492031934,1214.990000000000,3.997200000000
1492031935,1214.990000000000,3.105600000000
1492031982,1214.000000000000,0.000200000000
1492032018,1214.260000000000,2.722200000000
1492032018,1214.260000000000,2.150700000000
1492032018,1214.260000000000,0.013100000000
1492032043,1214.230000000000,0.010900000000
1492032178,1214.230000000000,4.935000000000
1492032181,1214.230000000000,0.036500000000
1492032187,1214.230000000000,0.403500000000
1492032187,1214.230000000000,0.017600000000
1492032198,1214.210000000000,0.003100000000
1492032247,1214.010000000000,2.500000000000
1492032247,1214.000000000000,1.307700000000
1492032247,1214.010000000000,2.500000000000
1492032248,1214.000000000000,0.391700000000
1492032307,1214.140000000000,0.043800000000
1492032377,1214.140000000000,0.012400000000
1492032638,1214.000000000000,0.000100000000
1492032661,1214.110000000000,0.014600000000
1492032674,1214.110000000000,0.029200000000
1492032681,1214.110000000000,2.252500000000
1492032681,1214.110000000000,1.735900000000
1492032681,1214.110000000000,0.967800000000
1492032682,1214.110000000000,1.766200000000
1492032682,1214.110000000000,0.733800000000
1492032682,1214.110000000000,0.163000000000
1492032682,1214.110000000000,0.091000000000
1492032682,1214.110000000000,0.164000000000
1492032683,1214.120000000000,1.390100000000
1492032683,1214.110000000000,0.163000000000
1492032683,1214.120000000000,1.961600000000
1492032684,1214.120000000000,1.695600000000
1492032684,1214.120000000000,2.208200000000
1492032684,1214.100000000000,2.554100000000
1492032684,1214.100000000000,2.445900000000
1492032684,1214.120000000000,0.362500000000
1492032748,1214.010000000000,0.000300000000
1492032794,1214.340000000000,0.021900000000
1492032798,1214.010000000000,0.002000000000
1492032802,1214.340000000000,0.036500000000
1492032852,1214.320000000000,0.058400000000
1492032868,1214.010000000000,0.000100000000
1492032895,1214.070000000000,0.016800000000
1492032937,1214.010000000000,0.021000000000
1492032940,1214.320000000000,0.036500000000
1492032969,1214.040000000000,0.043800000000
1492033033,1214.090000000000,0.007300000000
1492033042,1214.010000000000,2.500000000000
1492033043,1214.000000000000,0.611600000000
1492033043,1214.000000000000,0.448300000000
1492033043,1214.000000000000,2.688700000000
1492033044,1213.910000000000,0.020000000000
1492033044,1214.000000000000,2.051700000000
1492033045,1213.870000000000,2.202000000000
1492033045,1214.000000000000,0.298000000000
1492033058,1214.070000000000,1.755600000000
1492033064,1214.070000000000,0.307600000000
1492033088,1214.070000000000,0.021900000000
1492033095,1214.070000000000,0.014600000000
1492033116,1214.070000000000,2.767200000000
1492033116,1214.070000000000,0.133100000000
1492033133,1214.850000000000,0.019700000000
1492033176,1214.800000000000,0.018200000000
1492033237,1214.450000000000,0.035000000000
1492033339,1214.450000000000,0.016800000000
1492033572,1213.900000000000,0.010900000000
1492033575,1213.900000000000,0.014600000000
1492033591,1213.900000000000,0.040100000000
1492033630,1213.900000000000,0.056200000000
1492033692,1213.900000000000,0.008000000000
1492033733,1213.900000000000,0.014600000000
1492033736,1213.900000000000,0.043800000000
1492033757,1213.900000000000,3.073900000000
1492033757,1213.900000000000,1.237900000000
1492033758,1213.900000000000,1.375100000000
1492033758,1213.900000000000,1.124900000000
1492033759,1213.910000000000,1.192400000000
1492033759,1213.910000000000,2.539100000000
1492033759,1213.990000000000,1.353400000000
1492033759,1213.910000000000,1.268500000000
1492033788,1214.410000000000,0.040100000000
1492033818,1214.410000000000,0.029200000000
1492033943,1214.790000000000,0.145800000000
1492034065,1214.310000000000,0.018200000000
1492034072,1214.310000000000,0.029900000000
1492034094,1214.310000000000,0.145900000000
1492034191,1214.310000000000,1.705000000000
1492034192,1214.310000000000,1.976100000000
1492034193,1214.310000000000,1.124900000000
1492034237,1215.050000000000,0.016000000000
1492034280,1215.740000000000,0.008700000000
1492034320,1215.740000000000,0.040100000000
1492034370,1215.740000000000,0.013100000000
1492034382,1215.740000000000,0.010200000000
1492034387,1215.380000000000,0.000200000000
1492034454,1215.740000000000,0.014600000000
1492034545,1215.730000000000,0.071400000000
1492034557,1215.730000000000,0.003600000000
1492034574,1215.730000000000,1.840800000000
1492034574,1215.730000000000,0.018900000000
1492034575,1215.730000000000,0.163000000000
1492034575,1215.730000000000,0.125000000000
1492034575,1215.730000000000,0.164000000000
1492034575,1215.730000000000,0.163000000000
1492034575,1215.730000000000,0.163000000000
1492034575,1215.730000000000,0.164000000000
1492034576,1215.730000000000,0.164000000000
1492034576,1215.730000000000,0.163000000000
1492034576,1215.730000000000,0.163000000000
1492034576,1215.730000000000,0.163000000000
1492034608,1215.920000000000,0.073600000000
1492034653,1216.800000000000,0.013100000000
1492034673,1216.800000000000,0.097600000000
1492034840,1217.160000000000,0.008700000000
1492034873,1217.160000000000,0.008700000000
1492034943,1217.720000000000,0.026200000000
1492034962,1217.140000000000,0.050200000000
1492034976,1217.130000000000,0.014600000000
1492035020,1216.920000000000,0.014600000000
1492035026,1216.570000000000,3.535200000000
1492035066,1216.770000000000,0.021800000000
1492035070,1216.770000000000,0.037900000000
1492035088,1216.770000000000,0.070000000000
1492035089,1216.930000000000,0.013800000000
1492035095,1217.250000000000,0.021900000000
1492035129,1216.980000000000,0.014600000000
1492035285,1217.050000000000,0.021100000000
1492035293,1217.050000000000,0.026200000000
1492035445,1216.820000000000,0.018200000000
1492035458,1216.950000000000,0.014600000000
1492035585,1217.080000000000,0.007300000000
1492035621,1217.330000000000,0.029200000000
1492035654,1217.660000000000,0.058300000000
1492035746,1217.660000000000,0.134800000000
1492035759,1217.660000000000,0.679300000000
1492035808,1216.680000000000,0.000300000000
1492035809,1216.680000000000,0.002400000000
1492035818,1217.050000000000,0.011700000000
1492035926,1216.850000000000,0.003600000000
1492035984,1216.330000000000,0.067000000000
1492036064,1216.000000000000,0.014600000000
1492036098,1215.680000000000,0.036400000000
1492036105,1215.680000000000,0.021900000000
1492036116,1215.680000000000,0.017500000000
1492036297,1215.020000000000,0.087500000000
1492036320,1215.020000000000,0.007300000000
1492036537,1214.430000000000,0.004400000000
1492036575,1214.620000000000,0.007300000000
1492036621,1214.620000000000,0.073000000000
1492036638,1214.620000000000,0.003600000000
1492036647,1214.620000000000,0.043800000000
1492036658,1214.620000000000,0.016800000000
1492036710,1214.620000000000,0.025800000000
1492036710,1214.620000000000,0.120200000000
1492036713,1214.620000000000,0.008300000000
1492036713,1214.620000000000,0.042800000000
1492036747,1214.620000000000,0.059700000000
1492036747,1214.620000000000,0.042500000000
1492036777,1214.620000000000,0.042300000000
1492036783,1214.620000000000,0.014600000000
1492036787,1214.050000000000,0.000200000000
1492036812,1214.620000000000,0.009400000000
1492036812,1214.620000000000,0.063600000000
1492036819,1214.620000000000,0.014600000000
1492036857,1214.620000000000,0.005100000000
1492036937,1214.050000000000,0.073000000000
1492036953,1214.050000000000,0.021900000000
1492036960,1214.050000000000,0.024800000000
1492036966,1214.050000000000,0.007300000000
1492037029,1213.870000000000,0.029200000000
1492037040,1213.870000000000,0.014600000000
1492037244,1213.690000000000,0.025600000000
1492037322,1213.230000000000,0.007300000000
1492037328,1213.230000000000,0.076700000000
1492037486,1213.230000000000,0.147000000000
1492037486,1213.230000000000,0.163000000000
1492037486,1213.230000000000,0.079000000000
1492037486,1213.230000000000,0.205000000000
1492037487,1213.230000000000,0.163000000000
1492037487,1213.230000000000,0.205000000000
1492037487,1213.230000000000,0.163000000000
1492037487,1213.230000000000,0.163000000000
1492037487,1213.230000000000,0.164000000000
1492037487,1213.230000000000,0.162000000000
1492037488,1213.230000000000,0.205000000000
1492037488,1213.230000000000,0.205000000000
1492037488,1213.230000000000,0.163000000000
1492037488,1213.230000000000,0.124000000000
1492037591,1213.220000000000,0.021900000000
1492037619,1213.220000000000,0.007300000000
1492037677,1213.010000000000,2.500000000000
1492037677,1213.000000000000,0.980500000000
1492037678,1213.000000000000,1.242300000000
1492037831,1212.500000000000,0.025600000000
1492037879,1212.500000000000,0.016800000000
1492037894,1212.500000000000,2.229800000000
1492037895,1212.500000000000,0.163000000000
1492037895,1212.500000000000,0.163000000000
1492037895,1212.500000000000,0.162000000000
1492037895,1212.500000000000,0.163000000000
1492037896,1212.500000000000,0.163000000000
1492037896,1212.500000000000,0.163000000000
1492037896,1212.500000000000,0.164000000000
1492037896,1212.500000000000,0.163000000000
1492037896,1212.500000000000,0.163000000000
1492037896,1212.500000000000,0.163000000000
1492037968,1213.540000000000,0.004400000000
1492038035,1213.390000000000,0.023400000000
1492038043,1213.390000000000,0.091300000000
1492038112,1213.390000000000,0.016800000000
1492038122,1213.390000000000,0.007300000000
1492038140,1213.390000000000,0.014600000000
1492038174,1213.390000000000,0.005800000000
1492038199,1213.390000000000,0.118500000000
1492038199,1213.390000000000,0.042200000000
1492038202,1213.390000000000,0.121800000000
1492038203,1213.390000000000,0.033800000000
1492038232,1213.390000000000,0.037300000000
1492038277,1213.390000000000,0.008800000000
1492038310,1213.390000000000,0.029200000000
1492038327,1213.390000000000,0.025600000000
1492038353,1213.390000000000,0.163000000000
