1377390104,109.220000000000,1.000000000000
1377436514,111.400000000000,1.000000000000
1377553061,105.830000000000,1.000000000000
1383529484,212.110000000000,1.070000000000
1383529575,211.362900000000,1.000000000000
1383529643,213.487100000000,0.960000000000
1383529719,211.362900000000,2.500000000000
1383531115,147.040000000000,1.000000000000
1383532361,210.000000000000,1.200000000000
1383572183,214.000000000000,0.850000000000
1383572183,212.910000000000,2.680000000000
1383572183,212.930000000000,2.220000000000
1383819727,281.100000000000,0.800000000000
1383820683,275.100000000000,0.880000000000
1384179657,342.837900000000,1.000000000000
1384203957,337.947700000000,1.020000000000
1384204284,339.305000000000,3.710200000000
1384204284,338.625100000000,2.987400000000
1384204284,337.265100000000,0.941200000000
1384204284,337.945100000000,6.061200000000
1384204409,341.344900000000,2.441800000000
1384204409,340.665000000000,4.658200000000
1384205498,336.929800000000,2.900000000000
1384206018,339.165300000000,3.300000000000
1384207941,339.161200000000,5.176600000000
1384207941,338.485600000000,4.658200000000
1384207941,339.836900000000,1.215200000000
1384207973,339.658000000000,1.060000000000
1384208004,339.658000000000,4.658200000000
1384208004,340.335900000000,5.176600000000
1384208004,341.691800000000,5.976800000000
1384208004,341.013900000000,7.638400000000
1384208070,339.658000000000,3.320000000000
1384208158,336.329300000000,2.987400000000
1384208158,337.004600000000,3.710200000000
1384208158,335.653900000000,5.302400000000
1384208376,335.320900000000,3.302400000000
1384208376,335.995600000000,2.987400000000
1384208376,336.670300000000,3.710200000000
1384208400,328.852200000000,1.647800000000
1384208400,334.505800000000,6.061200000000
1384208400,333.832800000000,6.181400000000
1384208400,335.178900000000,2.987400000000
1384208400,335.851900000000,3.710200000000
1384209926,338.566500000000,1.230000000000
1384214984,341.881300000000,0.302400000000
1384214984,343.257100000000,3.710200000000
1384214984,342.569200000000,2.987400000000
1384215307,345.229100000000,2.300000000000
1384215841,345.323000000000,3.710200000000
1384215841,344.630900000000,0.509800000000
1384216004,344.504600000000,3.110000000000
1384221308,344.961700000000,3.314000000000
1384221308,344.307200000000,4.686000000000
1384221731,343.681300000000,1.002300000000
1384277228,355.263900000000,2.665200000000
1384277228,354.557600000000,5.176600000000
1384277228,353.851300000000,4.658200000000
1384277481,354.557600000000,3.954800000000
1384277481,353.851300000000,4.658200000000
1384277756,354.602800000000,3.000000000000
1384284936,352.974500000000,1.000000000000
1384284989,350.860900000000,2.987400000000
1384284989,351.565500000000,3.710200000000
1384284989,350.156400000000,2.292400000000
1384305341,367.538500000000,5.176600000000
1384305341,366.806400000000,4.658200000000
1384305343,367.664200000000,8.285700000000
1384305343,367.664200000000,0.586900000000
1384305343,367.664200000000,7.638400000000
1384305343,367.664200000000,4.658200000000
1384305343,367.664200000000,5.176600000000
1384305524,363.216300000000,2.987400000000
1384305524,363.945600000000,3.710200000000
1384305524,362.486900000000,6.061200000000
1384305524,361.757600000000,6.181400000000
1384305524,356.360400000000,41.059800000000
1384361449,387.219000000000,1.000000000000
1384364602,387.728000000000,1.000000000000
1384387508,396.205800000000,2.700000000000
1384387544,395.362100000000,3.100000000000
1384387583,393.691300000000,2.153700000000
1384387583,394.684100000000,3.546300000000
1384387778,395.669900000000,10.000000000000
1384388049,393.745300000000,3.465200000000
1384388049,394.593500000000,2.914800000000
1384388049,395.497400000000,3.620000000000
1384397453,409.467300000000,4.895300000000
1384397453,410.602800000000,8.027100000000
1384397453,411.253700000000,4.642600000000
1384397453,409.951900000000,5.440000000000
1384397486,406.799500000000,6.061200000000
1384397486,407.618000000000,2.987400000000
1384397486,408.436500000000,3.710200000000
1384397486,405.981000000000,2.899200000000
1384400125,410.241800000000,7.638400000000
1384400125,411.057400000000,2.626800000000
1384400125,408.610600000000,4.658200000000
1384400125,409.426200000000,5.176600000000
1384400146,409.034700000000,3.450000000000
1384400164,408.332600000000,3.741000000000
1384400164,399.822300000000,3.902400000000
1384400164,406.696000000000,6.111600000000
1384400164,407.514300000000,3.012200000000
1384400164,405.877700000000,6.232800000000
1384400249,407.450000000000,1.000000000000
1384429489,409.000000000000,1.289800000000
1384429489,409.000000000000,3.710200000000
1384429548,410.000000000000,1.000000000000
1384433093,419.500000000000,2.246100000000
1384433093,419.160000000000,1.000000000000
1384433093,419.500000000000,2.703900000000
1384459041,409.000000000000,4.700700000000
1384459041,409.000000000000,0.327900000000
1384459336,408.516800000000,1.000000000000
1384462067,413.722400000000,5.499100000000
1384462067,412.080700000000,5.184800000000
1384462067,411.259800000000,4.665600000000
1384462067,412.901600000000,7.650500000000
1384462138,412.950400000000,5.165400000000
1384462138,413.773000000000,7.621900000000
1384462138,412.127800000000,4.648200000000
1384463007,416.666100000000,7.455400000000
1384463007,417.494500000000,2.945300000000
1384463007,415.837800000000,5.052600000000
1384463007,415.009400000000,4.546700000000
1384463152,418.000000000000,8.000000000000
1384473738,419.000000000000,0.205400000000
1384473738,419.073100000000,3.794600000000
1384480971,418.418800000000,3.787200000000
1384480971,417.580300000000,3.049400000000
1384480971,416.741800000000,0.406400000000
1384480993,436.055800000000,7.606000000000
1384480993,435.000000000000,4.950000000000
1384481021,417.789800000000,3.787800000000
1384481021,416.952500000000,3.049900000000
1384481021,416.115300000000,5.385700000000
1384481035,419.282600000000,5.099800000000
1384481035,418.447400000000,4.589200000000
1384481035,420.000000000000,0.311000000000
1384481067,420.699600000000,2.661200000000
1384481067,419.863200000000,5.073900000000
1384481067,419.026800000000,4.565900000000
1384482240,420.000000000000,4.561600000000
1384482240,420.000000000000,4.561600000000
1384482366,420.000000000000,10.247600000000
1384482366,420.000000000000,0.876800000000
1384482387,419.823300000000,4.315900000000
1384482387,418.987000000000,4.564200000000
1384493312,420.859600000000,2.330000000000
1384493334,424.486100000000,4.545700000000
1384493334,425.333400000000,3.454300000000
1384519945,434.000000000000,10.000000000000
1384531207,434.102900000000,7.483200000000
1384531207,432.376900000000,4.563600000000
1384531207,433.239900000000,5.071400000000
1384531207,434.965900000000,2.881800000000
1384540231,430.329200000000,3.822600000000
1384540231,429.466800000000,3.078000000000
1384540231,429.000000000000,3.099400000000
1384540255,430.000000000000,10.000000000000
1384540405,429.000000000000,3.785500000000
1384540405,429.000000000000,3.785500000000
1384540586,429.000000000000,2.429000000000
1384541454,428.014100000000,3.767000000000
1384541454,428.000000000000,6.233000000000
1384543536,428.330800000000,0.990000000000
1384553149,407.441400000000,3.746600000000
1384553149,407.000000000000,6.253400000000
1384553307,402.038200000000,3.996400000000
1384553307,402.816100000000,3.001800000000
1384553307,403.659300000000,3.001800000000
1384553421,400.000100000000,10.000000000000
1384553422,400.000000000000,4.682400000000
1384553422,400.000000000000,4.364800000000
1384553422,400.000000000000,0.317600000000
1384553441,400.000000000000,1.000000000000
1384553441,400.000000000000,1.035200000000
1384553444,399.999900000000,1.012000000000
1384553635,400.000000000000,3.710200000000
1384553636,400.000000000000,3.697800000000
1384553636,400.000000000000,2.987400000000
1384553637,400.000000000000,0.592000000000
1384553637,400.000000000000,2.977400000000
1384560058,412.030000000000,3.684300000000
1384560058,409.552800000000,3.456200000000
1384560058,410.378500000000,6.018900000000
1384560058,411.204300000000,2.966600000000
1384560476,405.265200000000,6.088500000000
1384560476,406.107300000000,2.942500000000
1384560476,406.899400000000,2.942500000000
1384560476,404.476400000000,6.088500000000
1384560476,398.441900000000,4.949000000000
1384581118,418.870000000000,0.200000000000
1384581118,418.870000000000,0.500000000000
1384596755,429.000000000000,3.685600000000
1384596755,429.000000000000,0.314400000000
1384599762,436.050000000000,0.010000000000
1384599762,436.050000000000,0.010000000000
1384621204,435.269000000000,1.836700000000
1384648467,435.870100000000,3.100000000000
1384648523,438.217800000000,5.224500000000
1384648523,437.344900000000,4.701400000000
1384648523,439.090800000000,0.074100000000
1384663588,446.920400000000,0.200000000000
1384681447,458.942300000000,0.500000000000
1384681728,459.893600000000,0.100000000000
1384681866,460.102900000000,0.200000000000
1384698815,464.968700000000,0.300000000000
1384699148,464.261300000000,0.380000000000
1384703860,462.295400000000,1.000000000000
1384703916,462.097700000000,1.500000000000
1384723756,469.000000000000,3.702600000000
1384723757,469.000000000000,3.702600000000
1384723816,469.000000000000,2.794800000000
1384723993,472.769300000000,3.000000000000
1384724027,473.273700000000,0.600000000000
1384737374,461.000000000000,10.100000000000
1384741686,487.838900000000,1.000000000000
1384741717,488.031700000000,1.000000000000
1384742471,489.720100000000,0.045000000000
1384742481,489.720100000000,1.000000000000
1384746929,494.490600000000,0.800000000000
1384751064,496.250000000000,1.000000000000
1384751876,493.574600000000,0.200000000000
1384752125,491.190400000000,3.698400000000
1384752125,490.206000000000,1.301600000000
1384752910,494.000000000000,3.689100000000
1384752911,494.000000000000,2.310900000000
1384753819,493.026900000000,2.322000000000
1384753819,494.016900000000,3.678000000000
1384753975,491.678700000000,3.666800000000
1384753975,490.693400000000,1.333200000000
1384754602,489.413100000000,2.342400000000
1384754602,490.395800000000,3.657600000000
1384771041,534.281000000000,1.111000000000
1384786138,510.052300000000,0.042200000000
1384786138,509.036200000000,4.757800000000
1384794628,576.989100000000,3.633800000000
1384794628,578.241100000000,3.633800000000
1384794628,575.923500000000,2.732400000000
1384794664,580.111900000000,0.380000000000
1384794723,584.183300000000,0.100000000000
1384794789,588.866700000000,0.100000000000
1384794821,590.639100000000,0.200000000000
1384795031,589.413200000000,0.200000000000
1384807798,570.000000000000,3.437000000000
1384807798,570.000000000000,2.927400000000
1384807798,570.000000000000,2.927400000000
1384807798,570.000000000000,3.635600000000
1384807798,570.000000000000,0.198600000000
1384808093,559.633700000000,5.000000000000
1384808207,559.633700000000,5.000000000000
1384808281,559.633700000000,0.690000000000
1384808326,559.633700000000,0.004000000000
1384808384,559.633700000000,0.000100000000
1384810023,585.160000000000,0.812500000000
1384810023,585.160000000000,1.659900000000
1384810023,585.160000000000,9.187500000000
1384810023,585.160000000000,5.899400000000
1384810023,585.160000000000,4.100600000000
1384820839,600.000000000000,5.801600000000
1384820839,600.000000000000,2.859400000000
1384820839,651.000000000000,0.010000000000
1384820839,600.000000000000,3.001900000000
1384820839,600.000000000000,3.551200000000
1384830082,652.374900000000,0.200000000000
1384830463,666.741000000000,0.100000000000
1384831953,667.232000000000,0.100000000000
1384832847,674.734200000000,0.100000000000
1384833277,673.614700000000,0.200000000000
1384833442,674.361000000000,0.200000000000
1384833584,674.361000000000,0.300000000000
1384834323,675.100700000000,0.500000000000
1384834763,677.899900000000,0.880000000000
1384835346,689.082300000000,0.300000000000
1384835667,688.328800000000,0.200000000000
1384836099,690.891500000000,0.500000000000
1384849585,620.662200000000,3.529600000000
1384849586,620.000000000000,0.578800000000
1384849586,620.000000000000,2.945800000000
1384849586,620.000000000000,3.524600000000
1384849586,620.000000000000,3.524600000000
1384849587,620.000000000000,2.372000000000
1384849587,620.000000000000,3.524600000000
1384849587,620.000000000000,1.152600000000
1384853658,650.000000000000,0.110000000000
1384854711,619.999900000000,4.500000000000
1384857746,635.008200000000,0.258000000000
1384864781,438.000000000000,0.300000000000
1384864781,450.000000000000,0.500000000000
1384864781,463.900000000000,0.100000000000
1384864781,463.900000000000,0.100000000000
1384864781,463.900000000000,0.100000000000
1384864781,461.000000000000,0.270000000000
1384864841,418.363900000000,0.002000000000
1384878286,599.000000000000,2.838000000000
1384878286,599.000000000000,3.524600000000
1384880171,599.000000000000,2.337400000000
1384910125,504.898400000000,3.788000000000
1384922685,496.312700000000,3.500000000000
1384925280,490.000000000000,3.500000000000
1384926022,470.267600000000,0.048000000000
1384926201,481.330100000000,0.002000000000
1384944881,489.810200000000,1.475400000000
1384944881,490.793800000000,3.524600000000
1384944913,490.292400000000,3.524600000000
1384944913,489.309800000000,1.375400000000
1384946628,450.000000000000,0.500000000000
1384948451,425.059500000000,0.200000000000
1384948481,425.059500000000,0.180000000000
1384948604,425.059500000000,0.100000000000
1384954200,484.310000000000,0.860000000000
1384958280,515.000000000000,0.018000000000
1384958281,515.000000000000,0.000500000000
1384965192,550.000000000000,0.100000000000
1384992092,587.000000000000,5.000000000000
1384992320,593.126500000000,1.275400000000
1384992320,594.317500000000,3.524600000000
1384992537,590.136800000000,0.108800000000
1384992537,588.961200000000,4.891200000000
1384992773,589.822400000000,0.108800000000
1384992773,588.647400000000,4.891200000000
1384999480,586.476700000000,1.450000000000
1385000826,596.565200000000,0.458800000000
1385000826,595.376800000000,4.891200000000
1385000950,596.287800000000,0.027000000000
1385003991,580.000000000000,4.891200000000
1385004774,580.000000000000,0.108800000000
1385007702,593.283100000000,1.572000000000
1385020461,615.750000000000,4.000000000000
1385023287,630.420300000000,0.002500000000
1385030460,614.000000000000,4.874000000000
1385030460,614.000000000000,0.126000000000
1385036053,640.000000000000,3.547600000000
1385036053,640.000000000000,3.547600000000
1385036173,640.000000000000,2.904800000000
1385036234,650.000000000000,0.100000000000
1385038941,660.000000000000,3.629700000000
1385038941,660.000000000000,3.528900000000
1385038941,660.000000000000,2.841400000000
1385042251,670.000000000000,0.150000000000
1385043218,682.836100000000,4.400000000000
1385043352,684.956500000000,1.000000000000
1385055891,681.224500000000,0.150000000000
1385073825,700.000000000000,3.524600000000
1385073825,700.000000000000,3.524600000000
1385073885,700.000000000000,0.950800000000
1385103238,680.000000000000,1.000000000000
1385111683,701.976700000000,1.108800000000
1385111683,700.578400000000,4.891200000000
1385114177,720.000000000000,3.524600000000
1385114177,720.000000000000,3.524600000000
1385114178,720.000000000000,1.950800000000
1385115096,718.647300000000,0.005000000000
1385115111,718.647300000000,0.002000000000
1385115153,719.289800000000,4.891200000000
1385115153,719.383600000000,1.768800000000
1385115167,720.270100000000,0.010000000000
1385115174,720.270100000000,0.010000000000
1385115214,720.714300000000,0.000200000000
1385115228,720.714300000000,0.000100000000
1385115236,720.714300000000,0.000100000000
1385122587,727.127700000000,4.891200000000
1385122587,728.579100000000,0.108800000000
1385123084,729.448100000000,1.920000000000
1385159591,760.000000000000,0.010000000000
1385171195,800.200000000000,0.910000000000
1385171937,795.000000000000,3.475400000000
1385171937,796.252700000000,3.524600000000
1385172016,795.115200000000,3.500000000000
1385172083,794.946600000000,3.500000000000
1385172395,781.573500000000,2.838000000000
1385172395,783.142900000000,3.524600000000
1385172395,780.004100000000,3.637400000000
1385173132,769.919700000000,0.200000000000
1385173397,784.383800000000,0.620000000000
1385173444,784.780300000000,0.006000000000
1385173497,786.224300000000,0.000200000000
1385177439,801.060000000000,2.400000000000
1385179933,796.860300000000,2.200000000000
1385180868,796.711300000000,0.100000000000
1385180996,796.018600000000,0.260000000000
1385188980,802.136600000000,0.000800000000
1385189244,803.052100000000,0.000100000000
1385190404,802.979000000000,0.000100000000
1385190862,807.000000000000,0.000100000000
1385191103,808.000000000000,0.001100000000
1385191739,820.186800000000,0.001000000000
1385199843,820.000000000000,0.100000000000
1385201003,820.000000000000,0.030000000000
1385205238,820.000000000000,2.838000000000
1385205238,820.000000000000,3.524600000000
1385205238,820.000000000000,2.838000000000
1385205238,820.000000000000,3.524600000000
1385205239,820.000000000000,3.524600000000
1385205239,820.000000000000,3.524600000000
1385205559,820.000000000000,0.095600000000
1385206585,821.059900000000,0.620000000000
1385210042,821.810100000000,0.009000000000
1385210100,822.250900000000,0.000900000000
1385214004,842.203100000000,0.001000000000
1385271563,746.863100000000,0.002000000000
1385305519,801.000000000000,0.050000000000
1385305599,800.000000000000,0.050000000000
1385311812,813.720100000000,0.270000000000
1385342396,785.931200000000,3.270000000000
1385342558,788.550800000000,2.100000000000
1385346540,789.020900000000,5.108800000000
1385346540,787.449100000000,4.891200000000
1385346559,785.918400000000,3.524600000000
1385346559,782.768400000000,2.250400000000
1385346559,784.343400000000,2.838000000000
1385431349,790.242400000000,4.891200000000
1385431349,791.819700000000,3.668800000000
1385431365,786.892700000000,2.838000000000
1385431365,785.312600000000,0.507400000000
1385431365,788.472800000000,3.524600000000
1385431562,789.498000000000,1.011000000000
1385438111,795.631800000000,2.475400000000
1385438111,797.229400000000,3.524600000000
1385438194,795.303500000000,2.475400000000
1385438194,796.900500000000,3.524600000000
1385438278,796.308400000000,3.524600000000
1385438278,794.712600000000,2.475400000000
1385445041,800.000000000000,1.000000000000
1385445774,780.000000000000,0.100000000000
1385446197,780.000000000000,0.100000000000
1385446240,778.000000000000,0.100000000000
1385446330,778.000000000000,1.000000000000
1385446484,778.000000000000,1.000000000000
1385446583,778.000000000000,1.000000000000
1385448958,807.000000000000,3.000000000000
1385450702,803.000000000000,1.920000000000
1385457380,810.000000000000,3.524600000000
1385463494,809.999900000000,0.053000000000
1385467175,809.999900000000,0.200000000000
1385467189,809.999900000000,0.100000000000
1385467233,809.999900000000,0.030000000000
1385467357,809.999900000000,0.003000000000
1385471164,810.000000000000,0.275400000000
1385473980,819.855000000000,0.008100000000
1385494248,843.910000000000,0.690000000000
1385500896,849.572700000000,0.070000000000
1385515131,863.901800000000,3.524600000000
1385515131,860.439300000000,1.637400000000
1385515131,862.257700000000,2.838000000000
1385515302,859.412700000000,1.475400000000
1385515302,861.138500000000,3.524600000000
1385515517,862.319300000000,0.009000000000
1385517604,860.647500000000,2.838000000000
1385517604,858.919300000000,5.337400000000
1385517604,862.375700000000,3.524600000000
1385519402,855.000000000000,1.000000000000
1385519844,857.848100000000,0.009700000000
1385521398,855.000000000000,3.879300000000
1385521398,857.994300000000,2.838000000000
1385521398,859.717100000000,3.524600000000
1385521398,856.271400000000,5.758100000000
1385521677,860.500000000000,3.524600000000
1385521677,860.500000000000,3.524600000000
1385521678,860.500000000000,1.950800000000
1385530692,859.654600000000,5.872400000000
1385530692,861.387800000000,5.758100000000
1385530692,863.120900000000,2.838000000000
1385530692,864.854100000000,3.524600000000
1385553631,885.785000000000,28.953100000000
1385553631,875.600700000000,8.700000000000
1385553631,873.863400000000,8.020300000000
1385553631,872.126100000000,5.435400000000
1385553631,870.388800000000,4.891200000000
1385560240,900.000000000000,3.524600000000
1385560240,900.000000000000,3.524600000000
1385560661,900.000000000000,3.524600000000
1385560661,900.000000000000,3.524600000000
1385561561,900.000000000000,3.524600000000
1385561562,900.000000000000,2.377000000000
1385561802,902.480000000000,0.290000000000
1385562342,910.000000000000,3.524600000000
1385562342,910.000000000000,3.524600000000
1385562402,910.000000000000,2.950800000000
1385564501,927.826100000000,5.435400000000
1385564501,946.993300000000,46.729200000000
1385564501,929.586700000000,5.435400000000
1385564501,940.000000000000,10.000000000000
1385564501,933.290200000000,8.700000000000
1385564501,931.522600000000,8.700000000000
1385568382,945.225200000000,0.760000000000
1385577074,903.000000000000,5.418300000000
1385577074,903.000000000000,4.875700000000
1385577615,903.000000000000,7.955700000000
1385577615,903.000000000000,5.391600000000
1385577615,903.000000000000,4.851800000000
1385577616,903.000000000000,4.809400000000
1385577616,903.000000000000,4.809400000000
1385580706,935.849300000000,0.510000000000
1385580791,938.398600000000,0.004000000000
1385583312,945.675000000000,2.905600000000
1385583312,947.574000000000,3.608600000000
1385583312,943.776100000000,5.385800000000
1385588312,947.000000000000,1.900000000000
1385588713,948.320000000000,0.080000000000
1385591576,944.994200000000,2.885900000000
1385591576,943.574600000000,2.114100000000
1385591816,944.203100000000,6.178000000000
1385591816,946.968000000000,2.320300000000
1385591816,945.420700000000,4.501700000000
1385591889,943.385200000000,2.886500000000
1385591889,940.628700000000,2.665600000000
1385591889,941.996600000000,4.447900000000
1385591959,942.982300000000,3.670300000000
1385591959,944.457300000000,4.002100000000
1385591959,945.838400000000,2.327600000000
1385592020,945.768300000000,4.008500000000
1385592020,944.369700000000,0.383800000000
1385592020,947.047700000000,2.407700000000
1385592621,948.874300000000,2.668600000000
1385592621,948.000000000000,2.131400000000
1385592845,948.000000000000,0.150000000000
1385609256,955.000000000000,1.000000000000
1385611343,950.052500000000,0.990000000000
1385625317,948.542500000000,0.100000000000
1385625322,948.542500000000,6.000000000000
1385625373,949.184600000000,5.000000000000
1385625449,945.200600000000,4.500000000000
1385625498,943.857800000000,0.193000000000
1385628681,960.435100000000,1.900000000000
1385629806,967.250200000000,1.040000000000
1385640592,992.633200000000,2.000000000000
1385648267,1027.044800000000,19.523300000000
1385648267,1028.591400000000,27.158000000000
1385648267,1025.578400000000,14.042800000000
1385648267,1023.962100000000,9.489800000000
1385648267,1022.525900000000,4.992200000000
1385648267,1031.092900000000,9.793900000000
1385657267,1025.757700000000,0.000400000000
1385660498,1008.566600000000,1.450000000000
1385661763,1004.226900000000,0.020000000000
1385663659,1001.112700000000,6.161200000000
1385663659,1002.740500000000,3.838800000000
1385663711,1001.172900000000,4.000000000000
1385663792,1004.370000000000,4.009300000000
1385663793,1004.370000000000,0.990700000000
1385663889,1003.480000000000,0.830000000000
1385678472,1009.000000000000,5.000000000000
1385678653,1010.000000000000,1.040000000000
1385697899,1030.000000000000,2.000000000000
1385707528,1040.105700000000,0.040000000000
1385732754,1069.308500000000,14.431000000000
1385732754,1064.485300000000,3.925300000000
1385732754,1065.885300000000,6.304200000000
1385732754,1067.544900000000,8.898500000000
1385732754,1079.367300000000,0.238500000000
1385732754,1077.859100000000,5.328600000000
1385732754,1073.336500000000,41.809400000000
1385732754,1070.706600000000,19.064500000000
1385737718,1100.000000000000,0.008000000000
1385760577,1114.925200000000,22.666400000000
1385760577,1118.255700000000,10.013400000000
1385760577,1110.522600000000,66.277500000000
1385760577,1116.633300000000,14.469900000000
1385760577,1113.247300000000,30.632200000000
1385760577,1120.059700000000,5.656200000000
1385760578,1110.000000000000,5.993300000000
1385761162,1115.508800000000,7.800000000000
1385761230,1118.991600000000,0.020000000000
1385761884,1114.000000000000,5.926000000000
1385761884,1114.000000000000,2.860700000000
1385761884,1114.862700000000,39.452400000000
1385761884,1117.580900000000,18.220100000000
1385761884,1119.220900000000,13.225400000000
1385761884,1121.030800000000,9.649600000000
1385761884,1122.771300000000,6.302300000000
1385761884,1124.356300000000,4.363500000000
1385763105,1115.000000000000,1.639500000000
1385763106,1115.000000000000,2.184800000000
1385763106,1115.000000000000,1.474300000000
1385763106,1115.000000000000,2.248900000000
1385763107,1115.000000000000,1.886600000000
1385763586,1115.000000000000,1.878900000000
1385763586,1115.000000000000,2.453600000000
1385763587,1115.000000000000,1.324300000000
1385763587,1115.000000000000,1.344200000000
1385763588,1115.000000000000,2.119300000000
1385763707,1115.000000000000,2.573700000000
1385763707,1115.000000000000,1.255500000000
1385763707,1115.000000000000,0.999500000000
1385763707,1115.000000000000,2.562300000000
1385763708,1115.000000000000,1.062900000000
1385763708,1115.000000000000,1.119900000000
1385763708,1115.000000000000,1.650500000000
1385763708,1115.000000000000,1.499700000000
1385763709,1115.000000000000,1.358200000000
1385763709,1115.000000000000,1.124600000000
1385763709,1115.000000000000,1.241900000000
1385763710,1115.000000000000,1.241500000000
1385763827,1115.000000000000,3.191700000000
1385763827,1115.000000000000,1.195000000000
1385763827,1115.000000000000,2.026900000000
1385763827,1115.000000000000,0.972400000000
1385763828,1115.000000000000,0.631000000000
1385763828,1115.000000000000,1.620800000000
1385763828,1115.000000000000,1.922700000000
1385763828,1115.000000000000,0.627700000000
1385763828,1115.000000000000,2.101600000000
1385763828,1115.000000000000,2.096300000000
1385763828,1115.000000000000,2.444500000000
1385763829,1115.000000000000,1.185500000000
1385763829,1115.000000000000,1.117100000000
1385763829,1115.000000000000,1.467800000000
1385763830,1115.000000000000,1.310400000000
1385764118,1115.000000000000,0.003100000000
1385765100,1107.513300000000,0.740000000000
1385770433,1105.079100000000,0.020000000000
1385772310,1115.000000000000,1.425900000000
1385772311,1115.000000000000,0.534500000000
1385772311,1115.000000000000,1.466700000000
1385772311,1115.000000000000,0.535600000000
1385772312,1115.000000000000,0.576600000000
1385772312,1115.000000000000,0.946100000000
1385772312,1115.000000000000,0.331900000000
1385772312,1115.000000000000,0.689400000000
1385772313,1115.000000000000,0.309000000000
1385772313,1115.000000000000,1.324500000000
1385772371,1115.000000000000,1.018900000000
1385772371,1115.000000000000,0.921000000000
1385772371,1115.000000000000,1.297800000000
1385772372,1115.000000000000,1.578100000000
1385772372,1115.000000000000,0.354800000000
1385772431,1115.000000000000,1.513500000000
1385772431,1115.000000000000,1.441800000000
1385772431,1115.000000000000,0.763800000000
1385772432,1115.000000000000,1.446100000000
1385772432,1115.000000000000,1.276500000000
1385772432,1115.000000000000,0.282400000000
1385772433,1115.000000000000,0.831700000000
1385772433,1115.000000000000,0.938700000000
1385772434,1115.000000000000,0.130200000000
1385772434,1115.000000000000,1.397700000000
1385772434,1115.000000000000,1.136500000000
1385772435,1115.000000000000,0.342900000000
1385772435,1115.000000000000,0.863800000000
1385772435,1115.000000000000,0.944100000000
1385772436,1115.000000000000,0.773100000000
1385772436,1115.000000000000,1.112700000000
1385772436,1115.000000000000,0.204900000000
1385772757,1115.000000000000,0.630500000000
1385772757,1115.000000000000,1.491000000000
1385772758,1115.000000000000,1.465600000000
1385772758,1115.000000000000,0.514500000000
1385772758,1115.000000000000,0.273600000000
1385772759,1115.000000000000,0.215200000000
1385772759,1115.000000000000,0.154900000000
1385772760,1115.000000000000,1.415200000000
1385772760,1115.000000000000,0.058300000000
1385772761,1115.000000000000,0.622500000000
1385772761,1115.000000000000,0.762400000000
1385772762,1115.000000000000,0.581200000000
1385772762,1115.000000000000,1.019600000000
1385772762,1115.000000000000,0.416400000000
1385772762,1115.000000000000,0.619400000000
1385773153,1115.000000000000,0.783300000000
1385773153,1115.000000000000,0.954100000000
1385773153,1115.000000000000,0.065000000000
1385773153,1115.000000000000,1.384800000000
1385773154,1115.000000000000,0.225800000000
1385773154,1115.000000000000,0.991100000000
1385773154,1115.000000000000,0.315200000000
1385773155,1115.000000000000,1.007300000000
1385773155,1115.000000000000,0.603500000000
1385773155,1115.000000000000,1.475900000000
1385773213,1115.000000000000,1.391800000000
1385773213,1115.000000000000,1.297200000000
1385773875,1115.000000000000,0.816300000000
1385773875,1115.000000000000,0.919500000000
1385773875,1115.000000000000,1.372700000000
1385774296,1115.000000000000,1.096900000000
1385774296,1115.000000000000,0.350600000000
1385774296,1115.000000000000,0.611400000000
1385774297,1115.000000000000,0.364500000000
1385775981,1115.000000000000,0.480100000000
1385775981,1115.000000000000,0.624300000000
1385775981,1115.000000000000,0.607300000000
1385775981,1115.000000000000,0.109800000000
1385775982,1115.000000000000,1.227800000000
1385775982,1115.000000000000,0.569100000000
1385775982,1115.000000000000,1.420000000000
1385775982,1115.000000000000,0.444400000000
1385775983,1115.000000000000,1.309300000000
1385776281,1115.000000000000,1.853000000000
1385776281,1115.000000000000,0.435600000000
1385776281,1115.000000000000,2.272800000000
1385776281,1115.000000000000,0.553600000000
1385776281,1115.000000000000,1.588500000000
1385776281,1115.000000000000,2.370400000000
1385776282,1115.000000000000,0.766500000000
1385776282,1115.000000000000,1.099700000000
1385776282,1115.000000000000,1.268300000000
1385776282,1115.000000000000,1.130900000000
1385781633,1115.000000000000,2.827400000000
1385782052,1115.000000000000,3.089000000000
1385782052,1115.000000000000,1.130100000000
1385782052,1115.000000000000,1.255300000000
1385782052,1115.000000000000,1.277600000000
1385782052,1115.000000000000,3.430100000000
1385782052,1115.000000000000,9.011900000000
1385782053,1115.000000000000,1.959500000000
1385782053,1115.000000000000,1.356800000000
1385782053,1115.000000000000,9.458500000000
1385782053,1115.000000000000,3.329500000000
1385782053,1115.000000000000,1.353900000000
1385782053,1115.000000000000,3.805400000000
1385782053,1115.000000000000,2.276200000000
1385782053,1115.000000000000,1.392200000000
1385782053,1115.000000000000,0.191700000000
1385782053,1115.000000000000,2.523300000000
1385782053,1115.000000000000,4.741600000000
1385782053,1115.000000000000,9.027600000000
1385782053,1115.000000000000,1.247200000000
1385782053,1115.000000000000,3.166300000000
1385782053,1115.000000000000,1.401500000000
1385782053,1115.000000000000,0.579700000000
1385782053,1115.000000000000,4.642000000000
1385782054,1115.000000000000,2.572100000000
1385782054,1115.000000000000,1.300900000000
1385782054,1115.000000000000,2.070500000000
1385782054,1115.000000000000,0.080300000000
1385782054,1115.000000000000,1.396700000000
1385782054,1115.000000000000,2.699500000000
1385782054,1115.000000000000,1.446600000000
1385782054,1115.000000000000,2.125200000000
1385782054,1115.000000000000,1.399400000000
1385782054,1115.000000000000,0.973000000000
1385782054,1115.000000000000,0.180200000000
1385782054,1115.000000000000,0.946800000000
1385782054,1115.000000000000,0.659800000000
1385782054,1115.000000000000,1.555400000000
1385782055,1115.000000000000,1.319700000000
1385782055,1115.000000000000,1.491300000000
1385782055,1115.000000000000,1.883200000000
1385782055,1115.000000000000,1.430400000000
1385782055,1115.000000000000,1.195700000000
1385782055,1115.000000000000,0.889800000000
1385782055,1115.000000000000,0.797900000000
1385782055,1115.000000000000,1.827600000000
1385782055,1115.000000000000,1.207800000000
1385782056,1115.000000000000,1.254400000000
1385782056,1115.000000000000,0.336500000000
1385782056,1115.000000000000,0.874800000000
1385782056,1115.000000000000,0.341300000000
1385819204,1106.375900000000,18.497400000000
1385819204,1109.679600000000,36.568900000000
1385819204,1104.680300000000,13.215600000000
1385819204,1108.100100000000,26.626800000000
1385819204,1112.354600000000,47.279400000000
1385819204,1103.135700000000,7.811900000000
1385910286,998.061500000000,2.126000000000
1385924524,903.000000000000,18.538200000000
1385924524,903.000000000000,6.852900000000
1385924524,903.000000000000,12.833800000000
1385924525,903.000000000000,7.737700000000
1385924525,903.000000000000,0.925500000000
1385938956,955.000000000000,0.425200000000
1385938956,955.000000000000,4.458700000000
1385938956,955.000000000000,2.396100000000
1385946904,997.871500000000,0.200000000000
1385950264,986.894700000000,0.156000000000
1385970816,1029.697500000000,3.252200000000
1385970816,1031.092900000000,1.892100000000
1385970816,1028.081700000000,3.319300000000
1385970816,1024.915300000000,5.449800000000
1385970816,1026.481500000000,6.086600000000
1385970828,1024.525300000000,4.031700000000
1385970828,1022.935800000000,6.697600000000
1385970828,1028.960200000000,1.800700000000
1385970828,1020.376500000000,1.172000000000
1385970828,1027.579800000000,2.743500000000
1385970828,1025.904300000000,3.554500000000
1385970844,1025.010000000000,1.636000000000
1385970844,1026.368200000000,1.364000000000
1385971008,1024.709200000000,0.398700000000
1385971008,1026.145800000000,0.101300000000
1385971035,1025.574200000000,0.180000000000
1385971062,1025.574200000000,0.014000000000
1385971101,1023.717900000000,0.001500000000
1385993919,960.000000000000,0.001000000000
1385994356,981.500000000000,0.001000000000
1385994897,978.499900000000,4.020000000000
1385996385,992.961800000000,49.768300000000
1385996385,987.681400000000,18.471000000000
1385996385,986.073600000000,12.866900000000
1385996385,990.590600000000,35.745800000000
1385996385,989.198800000000,26.418300000000
1385996385,984.563900000000,6.729700000000
1386002956,998.000000000000,2.480000000000
1386013615,998.071600000000,0.780000000000
1386013634,998.071600000000,0.007000000000
1386083984,1047.975100000000,3.808600000000
1386083984,1047.975100000000,4.784500000000
1386083984,1047.975100000000,8.380000000000
1386083984,1047.975100000000,4.092700000000
1386083984,1047.975100000000,7.077400000000
1386083985,1047.975100000000,3.530100000000
1386084044,1047.975100000000,7.504100000000
1386084044,1047.975100000000,3.895000000000
1386084044,1047.975100000000,4.134400000000
1386084044,1047.975100000000,7.581600000000
1386084044,1047.975100000000,4.647400000000
1386084045,1047.975100000000,4.557400000000
1386084164,1047.975100000000,3.701000000000
1386084164,1047.975100000000,4.159700000000
1386084164,1047.975100000000,3.146100000000
1386139849,1065.455600000000,2.000000000000
1386176658,1111.000000000000,0.010000000000
1386179482,1149.500000000000,2.698900000000
1386179482,1149.500000000000,2.970400000000
1386179482,1149.500000000000,3.706300000000
1386179483,1149.500000000000,3.864000000000
1386179483,1149.500000000000,3.822400000000
1386179483,1149.500000000000,0.118000000000
1386191216,1126.848500000000,0.888000000000
1386197549,1135.508800000000,0.300000000000
1386199807,1145.000000000000,2.187700000000
1386199807,1145.000000000000,3.569500000000
1386199807,1145.000000000000,2.742800000000
1386214184,1125.314300000000,11.133600000000
1386214184,1127.623500000000,9.107500000000
1386214184,1129.799500000000,4.758900000000
1386214484,1129.337900000000,5.278000000000
1386214484,1126.919600000000,4.722000000000
1386214783,1130.000000000000,4.198900000000
1386214784,1130.000000000000,4.692300000000
1386214784,1130.000000000000,1.108800000000
1386217845,1128.590400000000,0.565300000000
1386217845,1130.792000000000,4.234700000000
1386218525,1131.581000000000,0.500000000000
1386218609,1131.581000000000,0.491000000000
1386220881,1135.000000000000,1.000000000000
1386233187,990.000000000000,0.008000000000
1386236836,977.774600000000,1.950000000000
1386236919,974.601100000000,0.050000000000
1386237577,888.690000000000,1.000000000000
1386238400,866.016600000000,1.000000000000
1386238719,889.000000000000,1.000000000000
1386238734,892.655200000000,1.000000000000
1386239019,908.764900000000,1.000000000000
1386239441,934.000000000000,0.990000000000
1386249065,1028.867400000000,1.270000000000
1386249275,1012.579600000000,1.000000000000
1386250404,1038.069000000000,0.950000000000
1386252682,997.154000000000,3.644300000000
1386252682,999.353100000000,6.355700000000
1386253387,1000.100000000000,2.987100000000
1386253388,1000.100000000000,2.878900000000
1386253448,1000.100000000000,3.537100000000
1386253448,1000.100000000000,1.794700000000
1386253448,1000.100000000000,3.552200000000
1386255852,1020.592800000000,1.900000000000
1386271317,1036.294400000000,0.418000000000
1386285673,1024.239900000000,8.859700000000
1386285673,1026.284100000000,4.144900000000
1386285673,1022.165100000000,6.995400000000
1386287890,1030.579200000000,4.936500000000
1386287890,1032.529600000000,4.063500000000
1386289005,1025.000000000000,3.573100000000
1386289005,1028.154000000000,4.155900000000
1386289005,1025.921000000000,7.271000000000
1386289112,1026.797200000000,0.500000000000
1386314415,994.351500000000,0.200000000000
1386333539,995.142700000000,0.990000000000
1386338388,975.000000000000,3.097900000000
1386338388,975.000000000000,3.912500000000
1386338389,975.000000000000,3.089600000000
1386341821,985.156300000000,3.387600000000
1386341821,983.285400000000,3.612400000000
1386346946,905.336200000000,1.000000000000
1386347019,901.948900000000,0.225000000000
1386351226,928.004300000000,0.005000000000
1386352397,920.530200000000,1.000000000000
1386353962,898.068700000000,1.000000000000
1386355638,857.000000000000,2.790200000000
1386355638,857.000000000000,2.647100000000
1386355639,857.000000000000,2.983600000000
1386355640,857.000000000000,3.151100000000
1386355640,857.000000000000,3.586900000000
1386355641,857.000000000000,2.747200000000
1386356118,857.000000000000,2.511600000000
1386356119,857.000000000000,2.421300000000
1386356119,857.000000000000,11.453800000000
1386356119,857.000000000000,16.154100000000
1386356119,857.000000000000,8.551700000000
1386356119,857.000000000000,2.539200000000
1386356119,857.000000000000,16.173000000000
1386356119,857.000000000000,5.426500000000
1386356119,857.000000000000,11.053400000000
1386356119,857.000000000000,5.407100000000
1386356119,857.000000000000,7.632100000000
1386356120,857.000000000000,3.574800000000
1386356120,857.000000000000,1.551000000000
1386356120,857.000000000000,3.265900000000
1386356120,857.000000000000,1.519900000000
1386356121,857.000000000000,2.229100000000
1386356121,857.000000000000,3.397600000000
1386356121,857.000000000000,3.837500000000
1386356121,857.000000000000,1.695700000000
1386356122,857.000000000000,1.466600000000
1386356122,857.000000000000,1.650200000000
1386356123,857.000000000000,1.375000000000
1386356123,857.000000000000,2.021500000000
1386356124,857.000000000000,1.605500000000
1386356124,857.000000000000,1.925000000000
1386356125,857.000000000000,2.026300000000
1386356125,857.000000000000,1.650500000000
1386356126,857.000000000000,1.440500000000
1386356126,857.000000000000,1.288900000000
1386356127,857.000000000000,2.269300000000
1386356127,857.000000000000,1.413500000000
1386356128,857.000000000000,2.291000000000
1386356128,857.000000000000,2.663600000000
1386356178,857.000000000000,2.665000000000
1386356179,857.000000000000,2.529500000000
1386356179,857.000000000000,3.055600000000
1386356179,857.000000000000,3.917700000000
1386356179,857.000000000000,2.479500000000
1386356180,857.000000000000,3.143500000000
1386356180,857.000000000000,1.394300000000
1386356180,857.000000000000,3.265900000000
1386356180,857.000000000000,2.716000000000
1386356181,857.000000000000,1.662000000000
1386356181,857.000000000000,1.699400000000
1386356182,857.000000000000,1.695400000000
1386356182,857.000000000000,2.055800000000
1386356183,857.000000000000,1.846500000000
1386356183,857.000000000000,2.403300000000
1386356184,857.000000000000,1.758500000000
1386356184,857.000000000000,1.652600000000
1386356185,857.000000000000,2.584900000000
1386356185,857.000000000000,1.806800000000
1386356186,857.000000000000,1.397400000000
1386356238,857.000000000000,0.881600000000
1386357189,849.095100000000,0.700000000000
1386357315,845.414300000000,0.920000000000
1386357405,872.563300000000,0.010000000000
1386374513,833.258800000000,0.950000000000
1386378038,837.460300000000,1.000000000000
1386378219,835.951400000000,1.000000000000
1386378451,829.801100000000,1.000000000000
1386379318,802.000000000000,4.189600000000
1386379318,802.000000000000,1.313700000000
1386379318,802.000000000000,4.669900000000
1386379319,802.000000000000,3.797100000000
1386379319,802.000000000000,4.620000000000
1386379319,802.000000000000,1.967600000000
1386379319,802.000000000000,3.673900000000
1386379319,802.000000000000,3.829900000000
1386379319,802.000000000000,1.691200000000
1386379319,802.000000000000,1.885800000000
1386379319,802.000000000000,2.839500000000
1386379319,802.000000000000,1.640700000000
1386379319,802.000000000000,3.986600000000
1386379319,802.000000000000,1.707500000000
1386379319,802.000000000000,5.171000000000
1386379320,802.000000000000,2.615800000000
1386379320,802.000000000000,1.761900000000
1386379320,802.000000000000,3.272900000000
1386379320,802.000000000000,1.917200000000
1386379321,802.000000000000,2.593800000000
1386379321,802.000000000000,2.078800000000
1386379321,802.000000000000,1.495600000000
1386379322,802.000000000000,2.549400000000
1386379322,802.000000000000,1.598300000000
1386379322,802.000000000000,1.359200000000
1386379323,802.000000000000,2.147800000000
1386379323,802.000000000000,2.268900000000
1386379323,802.000000000000,1.713000000000
1386379323,802.000000000000,1.981600000000
1386379378,802.000000000000,2.589000000000
1386379378,802.000000000000,1.500400000000
1386379379,802.000000000000,2.407700000000
1386379379,802.000000000000,2.157600000000
1386379379,802.000000000000,1.999300000000
1386379379,802.000000000000,2.636400000000
1386379380,802.000000000000,2.189200000000
1386379380,802.000000000000,1.463600000000
1386379380,802.000000000000,2.134500000000
1386379381,802.000000000000,2.430800000000
1386379418,803.782700000000,0.599500000000
1386379418,802.113500000000,1.400500000000
1386379438,802.000000000000,3.227700000000
1386379438,802.000000000000,2.076800000000
1386379438,802.000000000000,2.420300000000
1386379438,802.000000000000,5.109300000000
1386379438,802.000000000000,1.507200000000
1386379438,802.000000000000,3.891100000000
1386379439,802.000000000000,1.302200000000
1386379439,802.000000000000,4.121500000000
1386379439,802.000000000000,4.183200000000
1386379571,802.000100000000,5.410000000000
1386379572,802.000000000000,2.607000000000
1386379572,802.000000000000,3.863300000000
1386379572,802.000000000000,5.216100000000
1386379572,802.000000000000,9.924700000000
1386379572,802.000000000000,7.201000000000
1386379572,802.000000000000,3.188100000000
1386379572,802.000000000000,1.297700000000
1386381532,802.000100000000,10.000000000000
1386381541,802.000000000000,9.631000000000
1386381541,802.000000000000,8.068100000000
1386381541,802.000000000000,11.869200000000
1386381541,802.000000000000,9.066100000000
1386381541,802.000000000000,0.828000000000
1386381541,802.000000000000,1.553700000000
1386385608,801.347600000000,2.000000000000
1386386229,776.117000000000,2.000000000000
1386386267,776.117000000000,0.460000000000
1386387863,782.217200000000,4.544900000000
1386387863,783.729100000000,1.148200000000
1386387863,780.826300000000,2.914500000000
1386387863,779.198500000000,1.392400000000
1386388268,748.739300000000,0.300000000000
1386388269,735.000000000000,7.763000000000
1386388270,735.000000000000,4.151200000000
1386388270,735.000000000000,2.322900000000
1386388270,735.000000000000,2.503800000000
1386388270,735.000000000000,3.347800000000
1386388270,735.000000000000,5.231900000000
1386388270,735.000000000000,7.422100000000
1386388270,735.000000000000,5.417100000000
1386388271,735.000000000000,4.959300000000
1386388271,735.000000000000,8.118400000000
1386388271,735.000000000000,2.625400000000
1386388271,735.000000000000,3.544900000000
1386388272,735.000000000000,4.832000000000
1386388272,735.000000000000,3.259100000000
1386388272,735.000000000000,8.184100000000
1386388272,735.000000000000,1.867800000000
1386388273,735.000000000000,7.403900000000
1386388273,735.000000000000,5.214000000000
1386388273,735.000000000000,3.065900000000
1386388273,735.000000000000,1.540000000000
1386388364,767.851900000000,1.165000000000
1386389612,795.012800000000,0.300000000000
1386389648,795.012800000000,0.034000000000
1386389666,791.939000000000,0.001300000000
1386390757,788.600100000000,2.000000000000
1386393722,768.730000000000,0.399000000000
1386395684,747.284200000000,1.000000000000
1386395723,747.284200000000,1.000000000000
1386396081,747.081200000000,1.000000000000
1386396318,735.000000000000,11.112800000000
1386400762,735.000000000000,2.000000000000
1386400764,735.000000000000,11.089700000000
1386400764,735.000000000000,2.749600000000
1386400764,735.000000000000,7.101500000000
1386400764,735.000000000000,1.519600000000
1386400764,735.000000000000,8.380500000000
1386400764,735.000000000000,4.335400000000
1386400764,735.000000000000,10.561600000000
1386400764,735.000000000000,2.404000000000
1386400764,735.000000000000,1.189800000000
1386400764,735.000000000000,4.914800000000
1386400764,735.000000000000,9.066200000000
1386400765,663.000000000000,3.640800000000
1386400765,663.000000000000,4.825100000000
1386400765,663.000000000000,8.703500000000
1386400765,663.000000000000,4.693900000000
1386400765,663.000000000000,8.442600000000
1386400765,663.000000000000,11.974100000000
1386400765,663.000000000000,2.511300000000
1386400765,663.000000000000,7.065200000000
1386400765,663.000000000000,8.257300000000
1386400765,735.000000000000,4.271600000000
1386400765,663.000000000000,6.234400000000
1386400765,663.000000000000,9.488200000000
1386400765,663.000000000000,6.895700000000
1386400765,663.000000000000,3.873300000000
1386400765,663.000000000000,2.445500000000
1386400765,663.000000000000,2.421300000000
1386400765,663.000000000000,11.156200000000
1386400765,663.000000000000,3.766900000000
1386400765,663.000000000000,4.688500000000
1386400765,663.000000000000,1.962500000000
1386400765,663.000000000000,9.576900000000
1386400765,663.000000000000,6.890300000000
1386400765,663.000000000000,2.015000000000
1386400765,735.000000000000,11.369400000000
1386400765,663.000000000000,5.144300000000
1386400765,663.000000000000,11.472400000000
1386400765,663.000000000000,3.774900000000
1386400765,663.000000000000,11.363000000000
1386400765,663.000000000000,6.756100000000
1386400765,730.000000000000,3.828300000000
1386400765,663.000000000000,3.586500000000
1386400765,730.000000000000,0.171700000000
1386400765,663.000000000000,3.657300000000
1386400765,735.000000000000,4.712000000000
1386400765,735.000000000000,4.533900000000
1386400765,735.000000000000,5.485800000000
1386400765,663.000000000000,10.194300000000
1386400765,663.000000000000,7.147200000000
1386400765,735.000000000000,0.427200000000
1386400765,663.000000000000,5.375500000000
1386401197,632.317900000000,1.530000000000
1386409211,680.000000000000,0.009000000000
1386414202,795.000000000000,0.074200000000
1386415780,795.000000000000,3.762100000000
1386415780,795.000000000000,6.373700000000
1386418668,1200.000000000000,0.495000000000
1386425814,774.000000000000,0.140000000000
1386427479,800.574900000000,0.110000000000
1386427501,800.574900000000,0.008000000000
1386463436,717.127200000000,0.359000000000
1386466091,682.223600000000,2.615900000000
1386466091,683.463400000000,0.884100000000
1386466488,687.292200000000,0.041000000000
1386468519,695.683200000000,5.038000000000
1386468519,692.951500000000,2.124500000000
1386468519,694.370900000000,3.368400000000
1386468519,697.154000000000,0.969100000000
1386506802,758.471300000000,0.360000000000
1386518405,732.011700000000,0.270000000000
1386518586,730.000000000000,1.448000000000
1386518586,730.000000000000,0.903500000000
1386518586,730.000000000000,2.748500000000
1386518586,730.000000000000,3.700000000000
1386558308,871.399600000000,5.000000000000
1386558642,873.810700000000,1.000000000000
1386558850,868.344400000000,5.000000000000
1386560423,886.895500000000,0.450000000000
1386560602,883.263200000000,3.500000000000
1386560698,882.791700000000,0.200000000000
1386561229,883.476300000000,0.970000000000
1386561529,883.486800000000,5.000000000000
1386561912,879.970600000000,0.950000000000
1386563353,849.423500000000,2.000000000000
1386565775,885.596700000000,0.330000000000
1386565919,880.834100000000,0.440000000000
1386566381,878.774000000000,1.000000000000
1386567142,887.587000000000,0.460000000000
1386567687,886.766100000000,1.000000000000
1386569320,890.230700000000,0.072000000000
1386569975,910.521600000000,1.000000000000
1386570526,912.330900000000,1.000000000000
1386572286,922.113500000000,1.000000000000
1386575164,933.975700000000,0.300000000000
1386576215,938.907200000000,1.000000000000
1386576333,937.385200000000,0.940000000000
1386582394,945.019200000000,0.928300000000
1386582394,943.220600000000,1.271700000000
1386582585,934.261000000000,0.200000000000
1386585672,916.902400000000,1.000000000000
1386592973,933.136400000000,0.190000000000
1386598290,937.319100000000,2.000000000000
1386598306,935.832300000000,0.380000000000
1386599493,926.649400000000,2.000000000000
1386599639,928.022100000000,0.011000000000
1386604742,913.000000000000,1.490100000000
1386604742,913.319400000000,5.909900000000
1386605444,922.143700000000,1.000000000000
1386608282,937.151600000000,0.001800000000
1386608282,935.260400000000,1.268200000000
1386608454,935.791100000000,0.480000000000
1386634034,963.453900000000,10.929000000000
1386634034,967.183900000000,5.432400000000
1386634034,965.260100000000,10.638600000000
1386634895,965.593000000000,0.500000000000
1386634922,965.593000000000,0.130000000000
1386634945,969.051900000000,0.001100000000
1386636470,986.901100000000,0.265000000000
1386636470,986.901100000000,0.001000000000
1386637120,980.778700000000,1.600000000000
1386637161,977.246600000000,0.009000000000
1386637180,977.246600000000,0.000400000000
1386638796,981.894400000000,2.096400000000
1386638796,983.996300000000,1.275600000000
1386641352,989.294300000000,2.135000000000
1386641352,993.391500000000,2.885200000000
1386641352,991.305600000000,3.479800000000
1386646459,977.278200000000,0.003700000000
1386646533,972.888000000000,0.003000000000
1386650789,958.462600000000,0.023000000000
1386653210,961.133100000000,2.456200000000
1386653210,963.149200000000,6.043800000000
1386694810,975.000000000000,1.308800000000
1386694810,975.000000000000,1.707300000000
1386694811,975.000000000000,2.225700000000
1386694811,975.000000000000,1.835600000000
1386694812,975.000000000000,1.435500000000
1386694812,975.000000000000,1.487100000000
1386701151,999.000000000000,0.010000000000
1386701151,1000.000000000000,2.000000000000
1386706435,1025.000000000000,1.000000000000
1386714425,1030.441300000000,5.422300000000
1386714425,1030.130000000000,0.590000000000
1386716829,1024.000000000000,1.000000000000
1386716920,1019.530000000000,4.800000000000
1386718032,1023.000000000000,3.800000000000
1386739533,1005.585500000000,1.000000000000
1386740006,1003.991200000000,0.985000000000
1386740043,1003.991200000000,0.005000000000
1386743360,980.000000000000,2.204200000000
1386743360,980.000000000000,1.690200000000
1386743361,980.000000000000,1.105600000000
1386754678,985.000000000000,1.000000000000
1386754798,975.000000000000,0.183000000000
1386756002,970.000000000000,1.000000000000
1386756785,900.000000000000,1.000000000000
1386756789,896.039700000000,0.313100000000
1386756789,894.266200000000,0.686900000000
1386756797,894.209000000000,1.798000000000
1386756797,896.039700000000,0.202000000000
1386756841,890.663100000000,1.000000000000
1386756865,907.690000000000,1.000000000000
1386756879,911.213000000000,0.100000000000
1386756915,924.693400000000,1.000000000000
1386756942,924.695500000000,1.000000000000
1386757146,927.300000000000,0.985000000000
1386757591,934.752800000000,1.000000000000
1386761054,937.000000000000,0.160000000000
1386767937,913.280000000000,1.000000000000
1386767946,913.280000000000,1.000000000000
1386768215,907.860800000000,3.000000000000
1386768265,907.918700000000,0.900000000000
1386769187,901.223200000000,1.250000000000
1386770078,926.500000000000,1.950000000000
1386770378,931.500000000000,0.045000000000
1386772062,951.000000000000,0.010000000000
1386773824,951.833800000000,1.181300000000
1386773824,953.706200000000,5.318700000000
1386802951,921.778800000000,1.270000000000
1386848915,878.900000000000,1.270000000000
1386853879,878.898200000000,0.010000000000
1386855366,879.230000000000,7.000000000000
1386856717,885.130000000000,0.283600000000
1386861125,915.000000000000,0.500000000000
1386875435,911.831700000000,0.850000000000
1386878414,904.353700000000,1.000000000000
1386878930,904.447600000000,1.970000000000
1386880856,900.526500000000,0.500000000000
1386897875,911.000000000000,2.970000000000
1386908072,950.255700000000,3.865000000000
1386908072,948.399200000000,3.678700000000
1386908072,946.688700000000,2.456300000000
1386927276,954.000000000000,2.000000000000
1386939713,929.786000000000,0.926000000000
1386940234,922.110000000000,8.900000000000
1386940266,921.103200000000,0.060000000000
1386940508,922.129100000000,0.005000000000
1386941632,915.770000000000,0.033700000000
1386943020,919.048700000000,1.000000000000
1386976861,916.610400000000,2.599200000000
1386976861,918.225200000000,2.400800000000
1386976891,913.231600000000,5.000000000000
1386976996,915.818200000000,2.361800000000
1386976996,914.048700000000,2.638200000000
1386977002,910.402100000000,5.000000000000
1386977069,916.015400000000,3.746600000000
1386977069,914.354000000000,1.253400000000
1386977076,909.081500000000,5.000000000000
1386977196,917.579300000000,3.613000000000
1386977196,915.800900000000,1.387000000000
1386977203,912.184000000000,5.000000000000
1386977221,917.828600000000,2.868200000000
1386977221,915.838000000000,2.131800000000
1386977226,912.420400000000,5.000000000000
1386977287,917.669000000000,3.342700000000
1386977287,915.858200000000,1.657300000000
1386977294,912.479300000000,5.000000000000
1386977319,916.035600000000,2.353500000000
1386977319,917.777800000000,2.646500000000
1386977325,912.597700000000,5.000000000000
1386977345,919.805100000000,0.382100000000
1386977345,918.048200000000,2.867000000000
1386977345,916.097500000000,1.750900000000
1386977350,912.552500000000,5.000000000000
1387014357,904.000000000000,6.118100000000
1387014358,904.000000000000,1.981900000000
1387018690,900.568300000000,0.150000000000
1387023545,905.897500000000,1.500000000000
1387024990,909.731700000000,0.990000000000
1387027326,891.099600000000,5.738000000000
1387027327,890.010000000000,3.462000000000
1387030012,891.170000000000,0.098700000000
1387034449,890.112600000000,0.991000000000
1387034809,889.009500000000,0.005000000000
1387038906,892.970200000000,0.450000000000
1387050334,897.949100000000,0.270000000000
1387066010,891.230000000000,3.654700000000
1387066010,891.230000000000,5.545300000000
1387079110,887.040500000000,0.990000000000
1387079150,887.040500000000,0.003000000000
1387080219,880.000000000000,1.000000000000
1387080279,870.000000000000,0.213400000000
1387080279,870.000000000000,1.555900000000
1387080279,870.000000000000,4.137300000000
1387080279,870.000000000000,2.523400000000
1387083971,869.623000000000,0.001700000000
1387084246,871.532300000000,0.011600000000
1387086537,850.000000000000,1.000000000000
1387093102,858.957000000000,0.990000000000
1387093164,862.072200000000,0.003000000000
1387094214,859.712500000000,0.010000000000
1387094752,864.506100000000,0.000300000000
1387095115,868.388500000000,3.868700000000
1387095115,870.173400000000,4.487500000000
1387095115,866.781100000000,1.643800000000
1387095124,862.032700000000,4.256000000000
1387095124,863.681500000000,5.744000000000
1387095134,872.008000000000,0.695800000000
1387095134,870.257600000000,4.396200000000
1387095134,868.505900000000,3.202500000000
1387095134,866.643000000000,1.705500000000
1387095142,863.865300000000,6.240400000000
1387095142,862.132400000000,3.759600000000
1387095150,866.791800000000,2.667100000000
1387095150,870.241200000000,4.316600000000
1387095150,868.374100000000,2.934100000000
1387095150,872.063900000000,0.082200000000
1387095157,863.733600000000,6.185300000000
1387095157,861.967900000000,3.814700000000
1387095181,868.579400000000,3.057400000000
1387095181,866.873000000000,1.928800000000
1387095181,870.094800000000,5.013800000000
1387095189,862.117000000000,3.400100000000
1387095189,863.834700000000,6.599900000000
1387099534,860.000000000000,1.000000000000
1387099654,855.910000000000,0.120000000000
1387112436,862.399000000000,0.990000000000
1387112530,859.850000000000,0.003000000000
1387113177,864.865200000000,5.000000000000
1387164486,896.756800000000,0.010000000000
1387164535,896.312800000000,0.009500000000
1387169836,896.508300000000,0.005000000000
1387172023,889.684200000000,1.880000000000
1387172084,889.619700000000,0.006000000000
1387176258,881.637500000000,1.980000000000
1387185701,862.000000000000,1.000000000000
1387186051,852.507000000000,2.000000000000
1387186181,853.000000000000,1.000000000000
1387186242,852.000000000000,0.020000000000
1387186288,848.451400000000,1.000000000000
1387186337,860.943900000000,1.000000000000
1387186697,848.707400000000,0.500000000000
1387186722,853.000000000000,1.000000000000
1387186963,860.000000000000,1.000000000000
1387188592,861.666700000000,1.000000000000
1387193935,852.852700000000,0.990000000000
1387194855,844.911700000000,0.002000000000
1387194864,844.911700000000,0.001000000000
1387199319,821.722900000000,0.500000000000
1387200264,800.000000000000,0.010000000000
1387200264,801.000000000000,1.000000000000
1387201734,803.164100000000,1.000000000000
1387202067,803.830600000000,1.000000000000
1387204714,800.000000000000,1.000000000000
1387205041,799.226500000000,1.000000000000
1387207283,800.676900000000,0.990000000000
1387207839,801.058200000000,0.003000000000
1387213985,800.000000000000,1.000000000000
1387214322,805.680600000000,1.280500000000
1387214322,804.197200000000,4.513500000000
1387214322,800.902000000000,1.271000000000
1387214322,802.654100000000,2.935000000000
1387214331,796.546700000000,4.503200000000
1387214331,798.225400000000,5.496800000000
1387214342,800.845700000000,1.636500000000
1387214342,802.658100000000,4.058300000000
1387214342,804.266200000000,4.305200000000
1387214351,792.831100000000,3.270900000000
1387214351,794.462100000000,6.729100000000
1387214364,800.224300000000,3.797400000000
1387214364,797.093100000000,2.630100000000
1387214364,798.633700000000,3.572500000000
1387214373,792.712000000000,4.096300000000
1387214373,794.156800000000,5.903700000000
1387214381,797.088200000000,1.930900000000
1387214381,798.799800000000,4.127000000000
1387214381,800.228400000000,3.942100000000
1387214388,794.481400000000,6.116300000000
1387214388,792.871200000000,3.883700000000
1387214707,790.000000000000,1.000000000000
1387217535,731.000000000000,1.000000000000
1387220376,749.956100000000,1.000000000000
1387220488,747.768900000000,1.000000000000
1387220727,761.750200000000,1.000000000000
1387221022,745.000000000000,1.000000000000
1387222827,701.000000000000,0.500000000000
1387223851,713.000000000000,1.140000000000
1387224660,708.066100000000,1.000000000000
1387227461,743.469400000000,1.000000000000
1387228242,736.000000000000,0.500000000000
1387229866,770.000000000000,1.000000000000
1387230892,746.762700000000,2.953900000000
1387230892,748.257900000000,5.946100000000
1387231787,751.540600000000,0.110400000000
1387237697,701.009000000000,5.648200000000
1387237697,699.552600000000,1.041800000000
1387237791,704.771600000000,3.000000000000
1387241862,712.168600000000,2.180000000000
1387243523,700.000000000000,1.000000000000
1387244270,701.962500000000,1.850000000000
1387244575,697.465800000000,10.294600000000
1387244575,695.987800000000,2.740900000000
1387244575,698.955400000000,5.464500000000
1387248328,643.929000000000,2.941000000000
1387249618,655.855800000000,0.520000000000
1387254701,662.606700000000,0.038000000000
1387254701,663.934000000000,6.042000000000
1387255011,663.144200000000,4.820000000000
1387255098,668.278000000000,1.000000000000
1387255179,665.094000000000,1.033000000000
1387255179,666.345400000000,5.657000000000
1387255409,665.377500000000,3.220000000000
1387256470,686.552800000000,1.000000000000
1387256489,686.552800000000,2.000000000000
1387256521,686.426200000000,1.000000000000
1387260416,727.559300000000,2.184600000000
1387260416,729.055700000000,6.315400000000
1387260531,731.895500000000,3.628700000000
1387260531,730.494200000000,1.371300000000
1387260770,717.598400000000,0.050000000000
1387267907,759.833100000000,4.930000000000
1387268978,754.000000000000,1.450000000000
1387274995,716.300000000000,5.000000000000
1387275033,719.450500000000,0.610000000000
1387283526,716.510000000000,0.990000000000
1387285924,688.013700000000,1.000000000000
1387286122,685.610200000000,0.400000000000
1387286144,687.180900000000,4.000000000000
1387286186,689.000000000000,2.000000000000
1387286188,689.320100000000,1.000000000000
1387286199,696.053300000000,0.696100000000
1387286199,694.808500000000,4.656100000000
1387286199,691.946100000000,1.252300000000
1387286199,693.471300000000,3.395500000000
1387286210,688.209400000000,4.201200000000
1387286210,689.610400000000,5.798800000000
1387286218,695.929600000000,1.341300000000
1387286218,693.368600000000,3.025900000000
1387286218,694.596700000000,4.255200000000
1387286218,691.936400000000,1.377600000000
1387286229,688.275000000000,3.466000000000
1387286229,689.463300000000,6.534000000000
1387286237,694.718300000000,4.383800000000
1387286237,693.279300000000,3.020700000000
1387286237,691.916900000000,2.595500000000
1387286244,688.132900000000,3.679300000000
1387286244,689.498200000000,6.320700000000
1387286251,698.252100000000,0.822000000000
1387286251,695.622300000000,3.203200000000
1387286251,697.052400000000,4.284600000000
1387286251,694.217300000000,1.690200000000
1387286258,691.749700000000,5.884100000000
1387286258,690.587000000000,4.115900000000
1387286307,693.631400000000,1.000000000000
1387286379,690.858600000000,0.180000000000
1387286700,691.591500000000,0.179000000000
1387286847,690.000000000000,1.000000000000
1387288077,694.819600000000,2.347900000000
1387288077,696.125300000000,2.652100000000
1387288705,686.261700000000,0.900000000000
1387288776,686.000000000000,0.080000000000
1387288939,686.160700000000,0.499000000000
1387291623,708.969000000000,0.000600000000
1387292962,714.153500000000,0.990000000000
1387302209,728.361700000000,0.990000000000
1387303475,731.943700000000,2.600000000000
1387338252,668.836900000000,0.250000000000
1387340930,665.544200000000,1.210000000000
1387341405,659.518800000000,1.000000000000
1387342362,656.068000000000,0.965000000000
1387344610,636.918400000000,1.000000000000
1387344728,637.109600000000,1.000000000000
1387345274,629.000000000000,0.130800000000
1387345274,629.000000000000,1.869200000000
1387345360,621.009100000000,5.696300000000
1387345360,619.682600000000,4.303700000000
1387345379,619.622900000000,11.109000000000
1387345379,620.759400000000,5.742700000000
1387345379,618.171800000000,8.148300000000
1387345393,618.577000000000,10.652200000000
1387345393,619.855700000000,5.274900000000
1387345393,617.254500000000,9.072900000000
1387345399,618.774700000000,1.000000000000
1387345409,616.222800000000,13.828600000000
1387345409,617.667600000000,11.171400000000
1387345409,618.774700000000,0.500000000000
1387345422,617.867300000000,0.100000000000
1387345424,615.336300000000,5.119000000000
1387345424,616.536700000000,10.434800000000
1387345424,617.867300000000,5.446200000000
1387345454,603.000000000000,2.640800000000
1387345454,610.000000000000,0.964000000000
1387345454,603.000000000000,3.485800000000
1387345455,603.000000000000,3.098100000000
1387345455,603.000000000000,2.468800000000
1387345455,603.000000000000,1.405500000000
1387345456,603.000000000000,1.276100000000
1387345456,603.000000000000,2.739700000000
1387345457,603.000000000000,2.670200000000
1387345457,603.000000000000,2.279000000000
1387345458,603.000000000000,2.006300000000
1387345458,603.000000000000,1.604900000000
1387345459,603.000000000000,2.651200000000
1387345459,603.000000000000,1.471900000000
1387345460,603.000000000000,1.503300000000
1387345460,603.000000000000,2.688100000000
1387345461,603.000000000000,2.592300000000
1387345461,603.000000000000,1.891900000000
1387345462,603.000000000000,1.748200000000
1387345533,603.306000000000,1.000000000000
1387345617,606.626200000000,0.100000000000
1387345695,603.000000000000,2.608500000000
1387345695,603.000000000000,1.857000000000
1387345696,603.000000000000,1.593200000000
1387345697,603.000000000000,2.134300000000
1387345697,603.000000000000,2.150300000000
1387345698,603.000000000000,1.909300000000
1387345698,603.000000000000,2.022000000000
1387345699,603.000000000000,2.025100000000
1387345700,603.000000000000,2.686500000000
1387345711,603.000000000000,0.100000000000
1387345995,607.195600000000,1.990300000000
1387345995,610.835500000000,7.410300000000
1387345995,609.649000000000,3.739500000000
1387345995,608.220000000000,3.239700000000
1387345995,611.936800000000,8.620200000000
1387346030,610.484300000000,7.443100000000
1387346030,611.563700000000,10.352000000000
1387346030,609.243200000000,4.722200000000
1387346030,614.640500000000,21.568900000000
1387346030,606.792600000000,2.602900000000
1387346030,608.035700000000,3.310900000000
1387346051,608.552500000000,1.987400000000
1387346051,613.510500000000,6.711000000000
1387346051,609.831100000000,4.148500000000
1387346051,612.307300000000,6.894500000000
1387346051,611.066700000000,5.258600000000
1387346349,603.000000000000,18.639700000000
1387346349,603.813800000000,6.360300000000
1387346357,603.000000000000,8.918000000000
1387346357,603.918100000000,9.904900000000
1387346357,605.207600000000,6.177100000000
1387346367,603.514700000000,11.090900000000
1387346367,604.753900000000,6.105000000000
1387346367,603.000000000000,7.804100000000
1387346453,603.000000000000,24.000000000000
1387346508,603.000000000000,0.100000000000
1387346537,603.000000000000,2.895900000000
1387346537,603.000000000000,4.986500000000
1387346537,603.000000000000,2.765700000000
1387346537,603.000000000000,2.180500000000
1387346537,603.000000000000,1.425400000000
1387346538,603.000000000000,2.419700000000
1387346538,603.000000000000,5.088400000000
1387346538,603.000000000000,4.158100000000
1387346538,603.000000000000,3.931200000000
1387346538,603.000000000000,1.323700000000
1387346539,603.000000000000,3.429800000000
1387346539,603.000000000000,2.737400000000
1387346539,603.000000000000,1.871600000000
1387346539,603.000000000000,2.402400000000
1387346539,603.000000000000,3.777000000000
1387346540,603.000000000000,2.182000000000
1387346540,603.000000000000,2.972800000000
1387346540,603.000000000000,1.276400000000
1387346540,603.000000000000,3.650600000000
1387346540,603.000000000000,4.172900000000
1387346541,603.000000000000,3.704200000000
1387346541,603.000000000000,1.255000000000
1387346541,603.000000000000,1.513500000000
1387346541,603.000000000000,2.292400000000
1387346542,603.000000000000,2.566600000000
1387346542,603.000000000000,1.885100000000
1387346542,603.000000000000,1.959700000000
1387346543,603.000000000000,2.593200000000
1387346543,603.000000000000,2.335000000000
1387346543,603.000000000000,2.644200000000
1387346544,603.000000000000,1.950700000000
1387346544,603.000000000000,1.672600000000
1387346545,603.000000000000,1.829100000000
1387346545,603.000000000000,2.546700000000
1387346545,603.000000000000,2.615900000000
1387346597,603.000000000000,3.682100000000
1387346597,603.000000000000,1.726500000000
1387346597,603.000000000000,3.164300000000
1387346597,603.000000000000,1.664200000000
1387346598,603.000000000000,1.606500000000
1387346598,603.000000000000,1.275000000000
1387346599,603.000000000000,1.758900000000
1387346600,603.000000000000,1.485000000000
1387346600,603.000000000000,2.729900000000
1387346601,603.000000000000,1.831800000000
1387346601,603.000000000000,1.761700000000
1387346602,603.000000000000,1.512100000000
1387346602,603.000000000000,2.219100000000
1387346603,603.000000000000,2.333300000000
1387346603,603.000000000000,1.859600000000
1387346604,603.000000000000,2.321700000000
1387346604,603.000000000000,2.134200000000
1387346605,603.000000000000,2.521100000000
1387346605,603.000000000000,2.663800000000
1387346606,603.000000000000,1.914000000000
1387346606,603.000000000000,1.477600000000
1387346657,603.000000000000,2.923800000000
1387346657,603.000000000000,7.189400000000
1387346657,603.000000000000,1.856700000000
1387346657,603.000000000000,4.677800000000
1387346658,603.000000000000,5.425200000000
1387346658,603.000000000000,8.044200000000
1387346658,603.000000000000,2.376500000000
1387346658,603.000000000000,3.454100000000
1387346757,603.000000000000,1.000000000000
1387346837,603.000000000000,2.524500000000
1387346898,603.000000000000,2.197800000000
1387346898,603.000000000000,8.960300000000
1387346898,603.000000000000,11.438200000000
1387346948,603.000000000000,3.000000000000
1387346958,603.000000000000,1.351400000000
1387346958,603.000000000000,8.777600000000
1387346958,603.000000000000,1.664400000000
1387347018,603.000000000000,11.241000000000
1387347018,603.000000000000,3.288700000000
1387347019,603.000000000000,1.578100000000
1387347078,603.000000000000,5.897100000000
1387347078,603.000000000000,2.994400000000
1387347138,603.000000000000,11.395100000000
1387347139,603.000000000000,0.550700000000
1387347196,603.000000000000,2.900000000000
1387347238,603.000000000000,0.180000000000
1387347253,603.000000000000,0.035000000000
1387347258,603.000000000000,0.962800000000
1387347259,603.000000000000,4.299500000000
1387347259,603.000000000000,1.256800000000
1387347259,603.000000000000,11.016900000000
1387347259,603.000000000000,2.220200000000
1387347275,603.000000000000,0.004000000000
1387347295,603.000000000000,0.001500000000
1387347316,603.000000000000,0.000300000000
1387347344,603.000000000000,0.000100000000
1387347355,603.000000000000,2.200000000000
1387347559,603.000000000000,2.315900000000
1387347559,601.000000000000,1.000000000000
1387347559,603.000000000000,2.889100000000
1387347559,603.000000000000,0.486500000000
1387347577,597.881900000000,2.871500000000
1387347740,600.000000000000,7.072000000000
1387347740,600.000000000000,2.271400000000
1387347740,600.000000000000,4.857100000000
1387347740,600.000000000000,3.178000000000
1387347916,580.000000000000,0.817000000000
1387350150,593.229100000000,5.000000000000
1387350993,590.000000000000,2.000000000000
1387350993,599.410000000000,1.000000000000
1387351113,580.000000000000,1.183000000000
1387351714,555.000000000000,1.000000000000
1387352154,573.673700000000,5.050000000000
1387353163,563.789400000000,10.465800000000
1387353163,564.506600000000,7.620200000000
1387353163,564.069800000000,5.324400000000
1387353163,570.870000000000,5.327700000000
1387353163,570.805100000000,1.812100000000
1387353163,570.130400000000,6.464000000000
1387353163,563.248800000000,8.615300000000
1387353163,568.476800000000,9.736200000000
1387353163,564.021100000000,8.654700000000
1387353163,564.602700000000,11.362600000000
1387353163,570.870000000000,10.952100000000
1387353163,563.199200000000,7.716600000000
1387353163,570.870000000000,5.628100000000
1387353315,572.253500000000,1.046000000000
1387353315,572.681300000000,4.954000000000
1387353331,572.681300000000,3.793600000000
1387353331,572.845500000000,0.206400000000
1387353423,572.845500000000,2.000000000000
1387353941,560.663300000000,1.000000000000
1387354109,574.042500000000,2.000000000000
1387354267,573.952500000000,9.125600000000
1387354267,576.315700000000,5.646200000000
1387354267,575.156500000000,10.228200000000
1387354268,576.312000000000,2.000000000000
1387354285,574.148900000000,9.624300000000
1387354285,576.312000000000,4.678600000000
1387354285,575.231500000000,10.697100000000
1387354291,574.153500000000,7.924800000000
1387354291,575.121500000000,10.371700000000
1387354291,576.442000000000,6.703500000000
1387354300,576.407900000000,6.089800000000
1387354300,574.068200000000,8.849100000000
1387354300,575.140000000000,10.061100000000
1387354330,572.165600000000,6.707400000000
1387354330,571.048200000000,4.292600000000
1387356224,525.243200000000,2.120000000000
1387356439,503.034300000000,6.112800000000
1387356439,500.817500000000,8.041900000000
1387356439,513.000000000000,1.000000000000
1387356439,502.012700000000,9.845300000000
1387356815,532.085800000000,2.700000000000
1387356985,522.374100000000,2.000000000000
1387357551,539.743700000000,11.796800000000
1387357551,539.831500000000,4.581900000000
1387357551,536.041700000000,8.621300000000
1387358365,539.650000000000,6.233100000000
1387358365,538.607100000000,3.766900000000
1387358934,550.746500000000,0.100000000000
1387359562,549.651800000000,1.000000000000
1387359688,541.426300000000,5.000000000000
1387359719,539.218600000000,1.000000000000
1387359837,538.105500000000,1.000000000000
1387359896,539.219300000000,3.000000000000
1387359993,537.079800000000,2.000000000000
1387360131,536.566600000000,2.000000000000
1387360658,533.737100000000,1.000000000000
1387361458,512.000000000000,1.000000000000
1387361866,505.000000000000,4.000000000000
1387361866,500.050000000000,0.930000000000
1387362060,500.050000000000,10.412000000000
1387362060,500.050000000000,2.928100000000
1387362060,500.050000000000,8.553500000000
1387362060,500.050000000000,10.571500000000
1387362120,500.050000000000,2.122400000000
1387362120,500.050000000000,5.781100000000
1387362120,500.050000000000,10.933900000000
1387362170,500.050000000000,0.065000000000
1387362179,500.050000000000,5.933000000000
1387362179,500.050000000000,7.977800000000
1387362240,500.050000000000,7.721600000000
1387362300,500.050000000000,2.385100000000
1387362300,500.050000000000,6.490900000000
1387362303,500.050000000000,0.001000000000
1387362368,500.050000000000,0.000500000000
1387362540,500.050000000000,1.041800000000
1387362540,500.050000000000,4.150800000000
1387362728,498.118000000000,4.000000000000
1387365127,420.000000000000,0.200000000000
1387365187,413.000000000000,0.500000000000
1387365363,408.739000000000,2.000000000000
1387365897,468.946400000000,0.065000000000
1387365910,473.212100000000,0.381400000000
1387365910,473.212100000000,0.618600000000
1387366784,493.391100000000,1.000000000000
1387366870,492.884600000000,1.000000000000
1387366941,477.394100000000,1.000000000000
1387366975,477.394100000000,1.000000000000
1387367084,476.287400000000,1.600000000000
1387367523,506.546400000000,0.453000000000
1387367773,512.000000000000,1.111400000000
1387367773,512.000000000000,0.788600000000
1387367845,531.724200000000,0.990000000000
1387367899,531.724200000000,0.500000000000
1387367908,531.881600000000,0.050000000000
1387367917,531.881600000000,0.500000000000
1387368032,522.405100000000,0.001700000000
1387368854,540.900000000000,0.500000000000
1387368855,540.900000000000,1.500000000000
1387368855,547.200000000000,1.000000000000
1387368856,556.100000000000,1.000000000000
1387368856,549.800000000000,1.000000000000
1387368879,560.661400000000,1.000000000000
1387368976,562.000000000000,1.000000000000
1387369002,566.452000000000,0.950000000000
1387369132,560.754800000000,1.000000000000
1387369161,559.762400000000,1.020000000000
1387369233,559.762400000000,0.359000000000
1387369698,521.000000000000,5.000000000000
1387370853,524.535200000000,3.100000000000
1387370939,520.399100000000,0.005000000000
1387370980,515.540500000000,0.014000000000
1387371016,515.540500000000,0.001500000000
1387371027,513.541100000000,5.605400000000
1387371027,515.000000000000,0.500000000000
1387371027,512.527000000000,0.894600000000
1387371039,513.408600000000,0.001000000000
1387371524,530.178300000000,1.900000000000
1387371574,529.430400000000,0.070000000000
1387371588,529.430400000000,0.006000000000
1387372648,522.692900000000,0.397600000000
1387374507,560.000000000000,0.010000000000
1387374507,560.000000000000,0.005000000000
1387375973,601.296900000000,0.003000000000
1387378239,558.640100000000,1.000000000000
1387378323,559.271900000000,1.000000000000
1387378942,564.186800000000,11.000000000000
1387380622,583.448100000000,4.930000000000
1387381061,580.000000000000,0.500000000000
1387381520,575.000000000000,0.250000000000
1387381691,575.000000000000,0.250000000000
1387381783,578.000000000000,5.000000000000
1387382625,574.130000000000,5.000000000000
1387383046,590.710000000000,5.000000000000
1387383182,597.176300000000,4.817700000000
1387383182,598.421900000000,9.883700000000
1387383182,599.651400000000,5.298600000000
1387383696,587.641500000000,3.230000000000
1387383963,586.974300000000,2.400000000000
1387384203,585.021700000000,0.015400000000
1387385737,594.967800000000,5.498200000000
1387385737,593.599300000000,4.501800000000
1387385831,593.329600000000,3.874800000000
1387385831,594.686800000000,6.125200000000
1387385848,594.460800000000,0.500000000000
1387385860,594.460800000000,0.200000000000
1387385933,594.088100000000,0.010000000000
1387386538,599.460000000000,0.590000000000
1387386599,604.460000000000,5.531100000000
1387386599,604.460000000000,4.768900000000
1387389855,624.259800000000,10.426500000000
1387389855,625.537500000000,5.573500000000
1387390031,630.000000000000,0.500000000000
1387390055,609.339100000000,2.500000000000
1387390751,610.000000000000,0.200000000000
1387390978,594.015400000000,6.069500000000
1387390991,594.000000000000,3.930500000000
1387391181,592.362100000000,3.649500000000
1387391181,593.754400000000,6.350500000000
1387392243,592.629300000000,5.923500000000
1387392243,591.662800000000,4.076500000000
1387392954,598.873400000000,5.000000000000
1387393076,598.685000000000,2.000000000000
1387393140,597.804600000000,5.000000000000
1387393598,596.648700000000,6.114800000000
1387393598,595.277800000000,1.885200000000
1387394778,580.000000000000,5.000000000000
1387395079,575.000000000000,3.308700000000
1387395079,575.000000000000,1.691300000000
1387395139,570.000000000000,1.894400000000
1387395139,570.000000000000,2.418100000000
1387395139,570.000000000000,0.687500000000
1387396102,584.293700000000,2.409500000000
1387396102,584.293700000000,0.911900000000
1387397786,565.000000000000,6.472200000000
1387401062,580.000000000000,0.100000000000
1387402356,575.000000000000,3.527800000000
1387408962,550.228100000000,6.667600000000
1387408963,550.000000000000,3.332400000000
1387409005,549.000000000000,4.008900000000
1387409005,549.960600000000,5.991100000000
1387409021,549.436100000000,5.353400000000
1387409021,549.000000000000,4.646600000000
1387409152,552.022500000000,5.988800000000
1387409152,550.993300000000,4.011200000000
1387409185,551.484000000000,6.447800000000
1387409185,550.417000000000,3.352200000000
1387409206,551.377000000000,0.140000000000
1387411456,545.592400000000,2.000000000000
1387418029,521.000000000000,0.001000000000
1387418119,521.000000000000,0.999000000000
1387423679,565.570600000000,0.400000000000
1387424839,585.800400000000,4.360700000000
1387424839,586.088000000000,10.468900000000
1387424839,585.780900000000,6.765500000000
1387424839,586.905100000000,3.404900000000
1387425325,584.939200000000,10.883300000000
1387425325,584.231200000000,5.346800000000
1387425325,586.007800000000,2.056500000000
1387425325,585.172000000000,6.713400000000
1387425460,586.910000000000,10.285100000000
1387425460,586.910000000000,4.232700000000
1387425756,578.490500000000,3.078100000000
1387425756,576.245900000000,5.269600000000
1387425756,589.201600000000,9.652300000000
1387426810,586.010000000000,0.130000000000
1387426922,586.010000000000,0.470000000000
1387426981,597.420400000000,0.470000000000
1387426995,586.010000000000,0.010000000000
1387427121,586.010000000000,2.390000000000
1387427121,586.010000000000,0.060000000000
1387427682,586.835000000000,10.000000000000
1387427688,573.183700000000,4.037200000000
1387427688,574.290700000000,5.322800000000
1387427688,586.010000000000,0.640000000000
1387427694,586.835000000000,1.215500000000
1387427694,597.420400000000,8.774500000000
1387427694,597.000000000000,0.010000000000
1387427699,573.104300000000,3.530700000000
1387427699,574.251500000000,6.469300000000
1387427706,597.420400000000,1.250600000000
1387427706,597.845100000000,1.831800000000
1387427706,598.051300000000,0.781000000000
1387427706,598.011800000000,6.136600000000
1387427711,574.295300000000,5.437700000000
1387427711,573.159000000000,4.562300000000
1387427718,598.217700000000,0.407300000000
1387427718,598.051300000000,9.592700000000
1387427732,573.246000000000,4.682200000000
1387427732,574.220500000000,5.317800000000
1387428216,563.985000000000,0.040000000000
1387434530,588.153300000000,1.000000000000
1387434633,586.502500000000,1.000000000000
1387434865,584.342600000000,1.000000000000
1387434998,584.463800000000,9.066200000000
1387434998,585.477000000000,6.133800000000
1387436304,584.319000000000,1.000000000000
1387436759,586.358800000000,1.000000000000
1387436863,586.129900000000,4.550000000000
1387437162,605.686300000000,5.000000000000
1387437175,605.686300000000,1.000000000000
1387438659,605.116500000000,2.000000000000
1387440046,582.027900000000,2.700000000000
1387440290,578.475000000000,6.166500000000
1387440290,577.250800000000,3.333500000000
1387441223,594.065300000000,5.332300000000
1387441276,591.151300000000,6.100000000000
1387442411,590.000000000000,0.362000000000
1387442411,590.918100000000,11.160000000000
1387442411,592.316400000000,5.278000000000
1387443722,605.618500000000,1.000000000000
1387443899,604.234700000000,7.150000000000
1387443899,605.493800000000,6.150000000000
1387444513,608.275700000000,2.000000000000
1387447941,633.206300000000,1.800000000000
1387449627,637.262100000000,4.924800000000
1387449627,634.742900000000,1.648700000000
1387449627,638.280000000000,1.221300000000
1387449627,636.122300000000,3.044500000000
1387449627,638.280000000000,2.160700000000
1387451242,663.032900000000,3.000000000000
1387451509,659.463000000000,0.450000000000
1387455772,689.874300000000,0.500000000000
1387456299,689.745000000000,1.000000000000
1387456446,682.029900000000,1.000000000000
1387456560,670.292800000000,1.000000000000
1387456637,667.520400000000,1.000000000000
1387459740,656.141700000000,1.000000000000
1387459774,654.173100000000,1.000000000000
1387459882,652.715900000000,1.000000000000
1387463084,657.200700000000,7.619500000000
1387463084,658.430700000000,6.380500000000
1387464017,680.000000000000,1.000000000000
1387464137,685.000000000000,0.950000000000
1387464438,690.000000000000,0.760000000000
1387464509,686.946400000000,1.000000000000
1387465489,697.341000000000,1.000000000000
1387466658,703.186200000000,0.188800000000
1387466658,701.990000000000,3.000000000000
1387466658,701.788700000000,1.311200000000
1387467298,678.413800000000,1.100000000000
1387467503,679.010000000000,3.000000000000
1387468645,675.730000000000,3.000000000000
1387470271,694.397100000000,1.000000000000
1387470384,694.397100000000,1.000000000000
1387470950,693.621400000000,1.000000000000
1387471830,680.000000000000,1.701200000000
1387471830,680.000000000000,1.360600000000
1387472070,680.000000000000,1.938200000000
1387472190,675.000000000000,1.751700000000
1387472191,675.000000000000,0.342100000000
1387472191,675.000000000000,2.906200000000
1387477118,670.000000000000,2.097400000000
1387477118,670.000000000000,1.859900000000
1387477239,670.000000000000,0.942700000000
1387491419,694.400000000000,5.000000000000
1387492260,694.030000000000,2.946600000000
1387492260,694.030000000000,2.053400000000
1387492583,690.867100000000,0.736200000000
1387493926,701.511400000000,2.718900000000
1387493926,700.025600000000,2.281100000000
1387495315,714.953400000000,4.454000000000
1387495315,712.085900000000,1.546900000000
1387495315,716.292600000000,0.318700000000
1387495315,713.583800000000,3.030400000000
1387495619,716.428700000000,0.800000000000
1387495990,702.030000000000,1.835100000000
1387495991,702.030000000000,2.174000000000
1387495992,702.030000000000,1.617900000000
1387496231,702.030000000000,2.396600000000
1387496232,702.030000000000,1.835500000000
1387498039,702.030000000000,0.140900000000
1387504574,672.444100000000,0.160000000000
1387508974,695.799200000000,6.734000000000
1387508974,694.622900000000,10.909100000000
1387508975,694.000000000000,2.056900000000
1387509029,696.345600000000,5.984400000000
1387509029,695.000000000000,4.015600000000
1387509238,689.000000000000,0.100000000000
1387510322,679.247200000000,0.004500000000
1387510409,685.321400000000,0.004400000000
1387513570,697.000000000000,5.220000000000
1387514491,703.823000000000,0.060000000000
1387518373,713.800500000000,5.000000000000
1387526450,716.000000000000,0.590000000000
1387526450,716.000000000000,6.710000000000
1387527691,731.596500000000,1.804800000000
1387527692,731.959700000000,1.747200000000
1387527692,731.959700000000,2.200000000000
1387527692,731.959700000000,2.249600000000
1387527692,731.959700000000,1.998400000000
1387527699,729.108800000000,5.817100000000
1387527699,727.420800000000,4.182900000000
1387527714,728.749300000000,5.534900000000
1387527714,727.744600000000,4.465100000000
1387527715,727.744600000000,0.013900000000
1387527715,727.744600000000,3.626800000000
1387527715,727.744600000000,1.894200000000
1387527719,724.039300000000,1.349800000000
1387527719,725.336500000000,2.858900000000
1387527719,726.697500000000,5.467600000000
1387527719,728.157500000000,0.323700000000
1387527725,720.095700000000,4.624400000000
1387527725,721.423800000000,5.375600000000
1387527735,723.159400000000,10.000000000000
1387530776,698.368800000000,0.033000000000
1387533890,713.091200000000,5.515700000000
1387533890,711.625100000000,1.484300000000
1387536955,699.979000000000,6.000000000000
1387539208,679.000000000000,0.150000000000
1387549262,695.000000000000,2.404100000000
1387549262,695.000000000000,2.592800000000
1387550524,695.000000000000,1.768700000000
1387550524,695.000000000000,1.234400000000
1387560932,690.000000000000,1.424500000000
1387560932,690.000000000000,3.742400000000
1387560932,690.000000000000,3.833100000000
1387560933,685.000000000000,1.448100000000
1387561535,685.000000000000,2.079300000000
1387561535,685.000000000000,1.745200000000
1387561535,685.000000000000,2.727400000000
1387563638,669.000000000000,0.200000000000
1387563698,664.620000000000,1.610100000000
1387563698,664.620000000000,1.549600000000
1387563699,659.000000000000,0.250000000000
1387564236,656.748800000000,8.234600000000
1387564236,657.964200000000,11.010300000000
1387564236,659.372600000000,5.755100000000
1387564252,656.644800000000,10.428200000000
1387564252,657.928600000000,5.521500000000
1387564252,655.372300000000,9.050300000000
1387566272,670.000000000000,6.798600000000
1387566272,670.000000000000,1.624600000000
1387566272,670.000000000000,4.895400000000
1387566272,670.000000000000,2.913300000000
1387566272,665.740400000000,2.212900000000
1387566272,669.934700000000,9.789100000000
1387566272,670.000000000000,1.854300000000
1387566272,667.319100000000,5.733900000000
1387566272,664.651800000000,1.821900000000
1387566272,668.650800000000,7.100000000000
1387566272,670.000000000000,1.223400000000
1387566272,670.000000000000,2.032600000000
1387566309,667.569700000000,1.000000000000
1387570438,649.000000000000,0.300000000000
1387570582,643.239100000000,3.641000000000
1387570582,644.554400000000,6.359000000000
1387570596,644.447500000000,5.808800000000
1387570596,642.910700000000,4.191200000000
1387570607,642.715400000000,3.498900000000
1387570607,644.026400000000,6.501100000000
1387570618,639.000000000000,0.350000000000
1387570658,633.337300000000,4.545100000000
1387570658,634.588600000000,5.454900000000
1387570678,629.000000000000,0.400000000000
1387570684,621.875300000000,3.587700000000
1387570684,622.986700000000,6.412300000000
1387570762,623.674900000000,3.132300000000
1387570762,625.103200000000,5.045900000000
1387570762,622.514500000000,1.821800000000
1387570780,624.206000000000,3.762400000000
1387570780,625.454200000000,4.426100000000
1387570780,622.720600000000,1.811500000000
1387570791,625.897100000000,4.973400000000
1387570791,623.253600000000,1.655700000000
1387570791,624.561200000000,3.370900000000
1387570815,631.557600000000,3.149600000000
1387570815,630.311300000000,1.688300000000
1387570815,632.745700000000,4.725000000000
1387570815,634.086900000000,0.437100000000
1387571718,632.655700000000,3.561600000000
1387571718,630.172200000000,2.550200000000
1387571718,631.359700000000,3.888200000000
1387571741,630.429400000000,0.500000000000
1387571784,630.429400000000,0.140000000000
1387572000,623.649100000000,3.786200000000
1387572000,624.880700000000,6.213800000000
1387572040,625.949400000000,4.395100000000
1387572040,627.317400000000,5.604900000000
1387572048,625.809700000000,3.780700000000
1387572048,627.053200000000,6.219300000000
1387572056,625.217300000000,4.411800000000
1387572056,626.549400000000,5.588200000000
1387572071,616.528200000000,3.501900000000
1387572071,617.817700000000,6.048100000000
1387572071,619.000000000000,0.450000000000
1387572083,617.318300000000,6.203400000000
1387572083,616.331800000000,3.796600000000
1387572115,615.821500000000,4.299800000000
1387572115,617.172600000000,5.700200000000
1387572189,615.898500000000,5.920600000000
1387572189,614.672100000000,8.079400000000
1387572462,627.500900000000,4.533100000000
1387572462,628.802700000000,8.158700000000
1387572462,626.108100000000,3.672800000000
1387572462,624.901000000000,2.270200000000
1387572462,629.891800000000,1.365200000000
1387572498,625.208200000000,2.264100000000
1387572498,629.026600000000,4.507100000000
1387572498,627.630500000000,4.909900000000
1387572498,626.530900000000,3.318900000000
1387572542,628.425900000000,4.293400000000
1387572542,626.952300000000,3.448000000000
1387572542,625.833600000000,1.295000000000
1387572542,629.654400000000,0.963600000000
1387574415,636.082900000000,2.873700000000
1387574415,634.913100000000,2.382300000000
1387574415,637.315300000000,5.144900000000
1387574415,638.728200000000,4.599100000000
1387574432,637.826400000000,4.830200000000
1387574432,639.230900000000,4.270800000000
1387574432,636.764400000000,3.599000000000
1387574432,635.450300000000,1.300000000000
1387574484,648.091100000000,0.907300000000
1387574484,645.338500000000,1.848200000000
1387574484,646.793900000000,3.244500000000
1387574594,644.629600000000,1.600000000000
1387574594,646.021400000000,0.200000000000
1387574705,646.810200000000,0.200000000000
1387581752,609.000000000000,0.500000000000
1387582233,599.000000000000,0.600000000000
1387582233,600.000000000000,5.900000000000
1387592004,655.411200000000,1.473200000000
1387592004,656.690000000000,1.526800000000
1387592313,644.938300000000,10.693400000000
1387592313,645.908300000000,5.939400000000
1387592313,643.434900000000,8.367200000000
1387592383,647.777000000000,7.946600000000
1387592383,649.095400000000,10.540600000000
1387592383,650.474200000000,6.512800000000
1387599727,646.682300000000,9.888900000000
1387599727,647.887600000000,5.685700000000
1387599728,646.000000000000,3.920100000000
1387599728,646.000000000000,5.505300000000
1387599770,646.000000000000,4.312000000000
1387599770,647.012700000000,5.688000000000
1387602126,633.484400000000,1.000000000000
1387609308,621.687900000000,0.100000000000
1387610071,615.184100000000,0.100000000000
1387610163,610.014700000000,0.900000000000
1387610580,601.000000000000,1.136200000000
1387610580,601.000000000000,1.458700000000
1387610580,601.000000000000,2.405100000000
1387621183,622.833400000000,0.980000000000
1387621211,622.833400000000,0.007000000000
1387642298,589.000000000000,1.030000000000
1387647078,608.213800000000,1.916200000000
1387647078,610.779000000000,4.772100000000
1387647078,609.532100000000,3.311700000000
1387647105,606.324100000000,5.814800000000
1387647105,604.941400000000,4.185200000000
1387647112,610.907400000000,4.351800000000
1387647112,609.437100000000,3.704100000000
1387647112,608.173000000000,1.944100000000
1387647139,604.983500000000,4.550600000000
1387647139,606.052600000000,5.449400000000
1387647189,608.559900000000,2.652700000000
1387647189,609.645100000000,5.583300000000
1387647189,607.248200000000,1.764000000000
1387647206,603.985900000000,4.143300000000
1387647206,605.144200000000,5.856700000000
1387647220,609.621300000000,5.220700000000
1387647220,610.835800000000,0.222200000000
1387647220,608.562700000000,3.023700000000
1387647220,607.410300000000,1.533400000000
1387647256,611.160200000000,4.632200000000
1387647256,612.379300000000,5.367800000000
1387647305,606.392700000000,0.976100000000
1387647305,607.533300000000,6.023900000000
1387661576,607.858300000000,6.370200000000
1387661576,606.640300000000,0.929800000000
1387661607,607.684900000000,0.300000000000
1387683661,590.000000000000,2.456400000000
1387683661,590.000000000000,1.322800000000
1387683662,590.000000000000,2.449700000000
1387684503,590.000000000000,1.718600000000
1387684504,590.000000000000,0.052500000000
1387687671,595.833400000000,0.980000000000
1387700536,645.206200000000,3.200000000000
1387700572,645.059500000000,0.090000000000
1387700873,660.000000000000,5.000000000000
1387702907,661.738900000000,0.975000000000
1387711781,653.638300000000,0.880000000000
1387712052,658.882100000000,4.752100000000
1387712052,657.571700000000,3.610600000000
1387712052,656.344700000000,1.637300000000
1387712071,652.049300000000,6.316000000000
1387712071,650.875600000000,3.684000000000
1387712081,654.337800000000,2.604700000000
1387712081,656.924400000000,3.321500000000
1387712081,655.473500000000,4.073800000000
1387712113,650.767100000000,3.678100000000
1387712113,651.995800000000,6.321900000000
1387712173,657.620800000000,3.316800000000
1387712173,658.817400000000,4.336400000000
1387712173,656.175800000000,2.346800000000
1387712182,654.064300000000,5.751800000000
1387712182,652.573100000000,4.248200000000
1387720536,669.624800000000,1.570000000000
1387724438,668.189800000000,2.000000000000
1387725335,660.207700000000,0.403800000000
1387725335,658.846800000000,1.526200000000
1387725364,658.963700000000,2.242100000000
1387725364,660.207700000000,2.757900000000
1387725422,658.049200000000,0.690000000000
1387728916,650.000000000000,1.617800000000
1387728917,650.000000000000,1.652700000000
1387728918,650.000000000000,1.961600000000
1387728918,650.000000000000,2.678300000000
1387729097,650.000000000000,0.089600000000
1387729217,645.000000000000,2.257100000000
1387729218,645.000000000000,2.636600000000
1387729218,645.000000000000,2.403300000000
1387729277,645.000000000000,1.490200000000
1387729278,645.000000000000,0.212800000000
1387731718,637.327200000000,10.617300000000
1387731718,636.137600000000,7.248000000000
1387731718,638.550600000000,6.634700000000
1387756234,622.095500000000,2.200000000000
1387766107,651.520400000000,3.329600000000
1387766107,650.181600000000,1.257000000000
1387766107,653.200200000000,0.053200000000
1387766107,652.727300000000,5.360200000000
1387766114,646.750400000000,3.828100000000
1387766114,647.884900000000,6.171900000000
1387766120,652.868200000000,3.717800000000
1387766120,651.519500000000,3.828900000000
1387766120,650.151900000000,2.453300000000
1387766127,646.815700000000,4.604700000000
1387766127,647.935200000000,5.395300000000
1387766133,652.796100000000,3.864900000000
1387766133,651.387200000000,4.127100000000
1387766133,650.391100000000,2.008000000000
1387766139,648.026600000000,6.168200000000
1387766139,646.765100000000,3.831800000000
1387766146,652.691000000000,4.571400000000
1387766146,650.261400000000,2.467900000000
1387766146,651.443700000000,2.960700000000
1387766153,646.505300000000,4.085100000000
1387766153,647.994600000000,5.914900000000
1387792608,643.276700000000,1.000000000000
1387793934,640.370000000000,0.080000000000
1387856074,660.727200000000,4.399800000000
1387856074,661.958300000000,5.600200000000
1387856154,661.529100000000,2.579500000000
1387856154,664.231600000000,3.578100000000
1387856154,662.936200000000,3.842400000000
1387856167,657.976400000000,4.498900000000
1387856167,659.360900000000,5.501100000000
1387856207,663.818300000000,4.291100000000
1387856207,662.408400000000,1.945800000000
1387856207,664.946500000000,3.763100000000
1387856214,658.948300000000,4.180200000000
1387856214,660.179900000000,5.819800000000
1387857090,667.623000000000,4.543700000000
1387857090,666.330800000000,3.485100000000
1387857090,664.891800000000,1.597800000000
1387857090,668.745900000000,0.373400000000
1387857385,667.022100000000,3.920700000000
1387857385,664.363700000000,2.398000000000
1387857385,665.630200000000,3.681300000000
1387857392,662.155600000000,5.628400000000
1387857392,660.770200000000,4.371600000000
1387871186,659.758200000000,5.153900000000
1387871186,658.553700000000,6.345600000000
1387871186,661.192900000000,3.000500000000
1387871214,660.755800000000,0.500000000000
1387889344,646.816600000000,0.983200000000
1387889344,646.816600000000,2.040100000000
1387889345,646.816600000000,1.227100000000
1387889345,646.816600000000,1.057500000000
1387889345,646.816600000000,1.720900000000
1387891029,646.816600000000,1.395800000000
1387891030,646.816600000000,0.896700000000
1387891030,646.816600000000,0.678700000000
1387899848,652.098900000000,0.040000000000
1387899869,652.098900000000,0.020000000000
1387899888,647.547500000000,0.006000000000
1387900038,647.334500000000,0.000100000000
1388024161,680.000000000000,5.000000000000
1388024186,714.000000000000,5.000000000000
1388024191,730.663700000000,5.000000000000
1388024199,694.130500000000,5.000000000000
1388024202,680.000000000000,5.000000000000
1388024209,714.000000000000,5.000000000000
1388024213,731.070300000000,1.622000000000
1388024213,730.663700000000,3.378000000000
1388024220,694.516700000000,5.000000000000
1388024231,680.000000000000,5.000000000000
1388024239,714.000000000000,5.000000000000
1388024243,731.070300000000,5.000000000000
1388024251,694.516700000000,5.000000000000
1388024261,680.000000000000,5.000000000000
1388024268,714.000000000000,5.000000000000
1388024271,731.070300000000,2.548300000000
1388024271,736.157400000000,2.451700000000
1388029256,694.080000000000,2.441900000000
1388029256,695.337600000000,2.450800000000
1388029257,694.080000000000,1.907300000000
1388052895,720.027700000000,0.080000000000
1388074434,730.043600000000,1.508300000000
1388074434,731.534200000000,3.386100000000
1388074435,732.560000000000,2.687200000000
1388074435,732.560000000000,3.056000000000
1388074435,732.560000000000,0.062400000000
1388075983,725.000000000000,1.862800000000
1388075983,725.000000000000,1.987900000000
1388075984,725.000000000000,1.901500000000
1388075985,725.000000000000,1.716400000000
1388075985,725.000000000000,2.531400000000
1388076601,723.557600000000,1.000000000000
1388078872,730.034800000000,4.114300000000
1388078872,731.685100000000,2.673100000000
1388078872,732.990100000000,2.393800000000
1388078872,728.597400000000,0.818800000000
1388078898,735.480400000000,1.785600000000
1388078898,738.454500000000,4.984100000000
1388078898,737.105800000000,3.230300000000
1388078910,731.601400000000,3.243400000000
1388078910,732.943100000000,1.462200000000
