1473468075,621.450000000000,0.746100000000
1473468137,621.630000000000,0.346600000000
1473468195,621.700000000000,0.146200000000
1473468195,621.700000000000,0.600000000000
1473468225,621.700000000000,0.083800000000
1473468315,621.490000000000,0.746800000000
1473468320,621.490000000000,0.061500000000
1473468409,621.690000000000,0.531100000000
1473468495,621.880000000000,0.746400000000
1473468562,621.930000000000,0.153700000000
1473468617,621.940000000000,0.746300000000
1473468716,622.010000000000,0.081000000000
1473468735,622.000000000000,0.746400000000
1473468806,621.930000000000,0.051700000000
1473469027,621.820000000000,0.086600000000
1473469243,622.080000000000,0.057300000000
1473469336,622.100000000000,0.028000000000
1473469430,622.080000000000,0.123000000000
1473469649,622.090000000000,0.128500000000
1473469932,621.950000000000,0.188600000000
1473470088,621.950000000000,0.279400000000
1473470306,621.850000000000,0.139700000000
1473470396,621.880000000000,0.016800000000
1473470490,621.870000000000,0.224900000000
1473470672,621.880000000000,0.022400000000
1473470710,621.870000000000,0.055900000000
1473470710,621.780000000000,0.620000000000
1473470829,621.640000000000,0.251500000000
1473470922,621.640000000000,0.019600000000
1473471013,621.640000000000,0.058700000000
1473471106,621.640000000000,0.072600000000
1473471448,622.100000000000,0.055900000000
1473471542,622.100000000000,0.097700000000
1473471697,621.940000000000,0.007000000000
1473471849,621.810000000000,0.027900000000
1473471948,621.810000000000,0.113100000000
1473472103,621.500000000000,0.027900000000
1473472258,621.760000000000,0.057200000000
1473472349,622.170000000000,0.082400000000
1473472572,622.140000000000,0.069800000000
1473472665,622.150000000000,0.139600000000
1473472758,622.160000000000,0.055800000000
1473472851,622.150000000000,0.069800000000
1473472945,622.190000000000,0.114500000000
1473473040,622.170000000000,0.047500000000
1473473135,622.240000000000,0.111700000000
1473473142,621.010000000000,0.800000000000
1473473142,621.050000000000,24.820000000000
1473473143,620.880000000000,0.050000000000
1473473226,621.050000000000,0.516500000000
1473473277,621.280000000000,1.000000000000
1473473277,621.030000000000,1.000000000000
1473473322,621.370000000000,0.048900000000
1473473418,621.370000000000,0.476000000000
1473473518,621.720000000000,0.100600000000
1473473584,621.770000000000,0.052400000000
1473473615,621.180000000000,0.211000000000
1473473615,621.170000000000,0.033400000000
1473473710,621.170000000000,0.017100000000
1473473711,621.180000000000,0.017800000000
1473473804,621.180000000000,0.418900000000
1473474149,621.640000000000,0.259700000000
1473474240,621.700000000000,0.020900000000
1473474255,620.780000000000,0.089500000000
1473474330,620.780000000000,0.027900000000
1473474376,620.780000000000,0.089500000000
1473474485,621.240000000000,4.970000000000
1473474575,621.700000000000,0.048900000000
1473474627,621.220000000000,0.051500000000
1473474627,621.210000000000,2.800000000000
1473474667,620.970000000000,0.241500000000
1473474668,621.340000000000,4.920000000000
1473474955,621.000000000000,0.317000000000
1473475047,621.000000000000,0.027900000000
1473475140,620.800000000000,0.069800000000
1473475483,622.140000000000,0.033900000000
1473475484,622.140000000000,0.031700000000
1473475636,621.700000000000,0.017300000000
1473475637,621.710000000000,0.038500000000
1473475725,621.710000000000,0.011200000000
1473476068,621.920000000000,0.069800000000
1473476411,621.690000000000,0.139600000000
1473476448,620.780000000000,0.058600000000
1473476448,621.550000000000,0.020000000000
1473476448,620.700000000000,0.157000000000
1473476449,620.700000000000,0.156000000000
1473476528,620.690000000000,0.156000000000
1473476528,620.690000000000,0.157000000000
1473476564,621.670000000000,0.363100000000
1473476654,621.930000000000,0.016800000000
1473476744,621.910000000000,0.010400000000
1473476745,621.920000000000,0.556500000000
1473476898,621.940000000000,0.113100000000
1473477175,621.260000000000,0.181500000000
1473477389,621.910000000000,0.016800000000
1473477477,621.910000000000,0.033500000000
1473477569,621.910000000000,0.046100000000
1473477745,621.130000000000,58.912400000000
1473477745,621.140000000000,0.054900000000
1473477806,621.070000000000,0.028000000000
1473477806,621.060000000000,57.815400000000
1473478016,620.810000000000,0.584700000000
1473478016,620.580000000000,0.600000000000
1473478036,620.510000000000,0.027900000000
1473478188,620.520000000000,0.027900000000
1473478458,620.890000000000,55.053400000000
1473478458,620.520000000000,0.749000000000
1473478458,620.460000000000,5.020000000000
1473478459,620.290000000000,1.000000000000
1473478459,620.090000000000,0.650000000000
1473478459,620.000000000000,37.527600000000
1473478467,621.200000000000,0.027900000000
1473479353,620.470000000000,0.472000000000
1473479354,620.050000000000,1.000000000000
1473479354,620.010000000000,0.160000000000
1473479354,620.010000000000,0.160000000000
1473479354,620.010000000000,0.160000000000
1473479355,620.000000000000,62.472400000000
1473479355,620.010000000000,0.160000000000
1473479355,620.010000000000,0.160000000000
1473479371,620.120000000000,0.032200000000
1473479372,620.680000000000,5.040000000000
1473479372,620.130000000000,4.000000000000
1473479375,620.750000000000,0.016500000000
1473479608,619.860000000000,0.585800000000
1473479608,620.100000000000,0.051900000000
1473479609,619.830000000000,0.500000000000
1473479609,619.760000000000,1.000000000000
1473479609,619.590000000000,0.819000000000
1473479652,619.580000000000,0.033800000000
1473479887,619.810000000000,0.017200000000
1473479897,620.120000000000,0.051400000000
1473479930,619.990000000000,0.184400000000
1473480519,620.560000000000,0.034000000000
1473480539,620.800000000000,55.913200000000
1473480548,620.790000000000,0.017300000000
1473480548,620.800000000000,52.186800000000
1473480560,620.610000000000,0.051400000000
1473480560,620.500000000000,66.761300000000
1473480561,620.510000000000,0.026200000000
1473480591,620.800000000000,54.030000000000
1473480591,620.790000000000,0.046900000000
1473480607,620.500000000000,41.238700000000
1473480607,620.500000000000,26.053600000000
1473480685,620.290000000000,0.540000000000
1473480685,620.500000000000,27.946400000000
1473480690,620.790000000000,0.023900000000
1473480690,620.800000000000,11.970000000000
1473480690,620.800000000000,43.488600000000
1473480745,620.500000000000,55.000000000000
1473480758,620.430000000000,0.012200000000
1473480772,620.800000000000,52.511400000000
1473480772,620.800000000000,3.241500000000
1473480786,620.500000000000,56.000000000000
1473480796,620.800000000000,51.758500000000
1473480796,620.800000000000,3.806800000000
1473480797,620.800000000000,52.193200000000
1473480806,620.500000000000,67.997600000000
1473480807,620.500000000000,40.002400000000
1473480817,620.800000000000,56.490700000000
1473480818,620.800000000000,51.509300000000
1473480827,620.500000000000,68.028300000000
1473480837,620.800000000000,55.071400000000
1473480848,620.500000000000,26.811200000000
1473480848,620.510000000000,0.010000000000
1473480848,620.500000000000,39.971700000000
1473480849,620.500000000000,28.188800000000
1473480856,620.800000000000,12.928600000000
1473480856,620.800000000000,42.671600000000
1473480856,620.520000000000,0.011100000000
1473480878,620.800000000000,52.328400000000
1473480883,620.730000000000,0.054500000000
1473480883,620.500000000000,56.000000000000
1473480891,620.750000000000,0.032400000000
1473480901,620.760000000000,0.043700000000
1473481008,620.730000000000,0.037900000000
1473481015,620.510000000000,0.040900000000
1473481015,620.500000000000,52.000000000000
1473481025,620.800000000000,56.000000000000
1473481025,620.410000000000,0.039400000000
1473481025,620.800000000000,0.100900000000
1473481033,620.500000000000,56.000000000000
1473481046,620.420000000000,0.020100000000
1473481047,620.800000000000,51.899100000000
1473481047,620.800000000000,4.096100000000
1473481055,620.500000000000,56.000000000000
1473481063,620.800000000000,51.903900000000
1473481064,620.800000000000,52.749700000000
1473481064,620.800000000000,3.250300000000
1473481067,620.840000000000,0.010200000000
1473481071,620.500000000000,66.933300000000
1473481098,620.800000000000,54.289000000000
1473481109,620.510000000000,0.055000000000
1473481109,620.500000000000,41.066700000000
1473481110,620.500000000000,25.220000000000
1473481122,620.800000000000,11.711000000000
1473481123,620.800000000000,42.863400000000
1473481149,620.500000000000,28.780000000000
1473481149,620.500000000000,37.754600000000
1473481159,620.800000000000,30.638800000000
1473481159,620.800000000000,24.136600000000
1473481160,620.800000000000,35.361200000000
1473481173,620.500000000000,50.701500000000
1473481173,620.500000000000,16.245400000000
1473481173,620.710000000000,0.028000000000
1473481216,620.800000000000,55.413000000000
1473481241,620.800000000000,11.587000000000
1473481262,620.600000000000,0.014300000000
1473481397,620.500000000000,27.096600000000
1473481397,620.500000000000,27.903400000000
1473481397,620.500000000000,40.298500000000
1473481398,620.500000000000,1.000000000000
1473481398,620.500000000000,11.000000000000
1473481411,620.540000000000,0.052900000000
1473481411,620.800000000000,55.108700000000
1473481423,620.800000000000,52.891300000000
1473481438,620.740000000000,0.033200000000
1473481438,620.500000000000,67.813400000000
1473481439,620.500000000000,40.186600000000
1473481439,620.510000000000,0.017000000000
1473481453,620.700000000000,0.051600000000
1473481454,620.800000000000,11.869800000000
1473481454,620.800000000000,55.130200000000
1473481454,620.800000000000,41.000000000000
1473481477,620.670000000000,0.033900000000
1473481477,620.500000000000,67.132200000000
1473481528,620.790000000000,0.042900000000
1473481529,620.800000000000,54.602900000000
1473481529,620.800000000000,12.397100000000
1473481543,620.730000000000,0.038300000000
1473481560,620.520000000000,0.019600000000
1473481571,620.500000000000,26.942900000000
1473481571,620.500000000000,40.867800000000
1473481571,620.760000000000,0.010000000000
1473481584,620.800000000000,53.980900000000
1473481692,620.500000000000,40.057100000000
1473481693,620.500000000000,26.953000000000
1473481693,620.500000000000,27.047000000000
1473481704,620.800000000000,43.394300000000
1473481704,620.800000000000,13.019100000000
1473481704,620.440000000000,0.055200000000
1473481705,620.800000000000,51.605700000000
1473481719,620.570000000000,0.032100000000
1473481719,620.500000000000,67.398100000000
1473481720,620.500000000000,40.601900000000
1473481724,620.320000000000,0.043900000000
1473481725,620.920000000000,0.022300000000
1473481726,620.920000000000,0.011400000000
1473481764,620.800000000000,56.565700000000
1473481764,620.620000000000,4.100000000000
1473481781,620.500000000000,56.000000000000
1473481794,620.800000000000,3.866800000000
1473481794,620.800000000000,51.434300000000
1473481806,620.500000000000,56.000000000000
1473481818,620.800000000000,52.133200000000
1473481818,620.800000000000,3.677000000000
1473481834,620.500000000000,56.000000000000
1473481839,620.800000000000,52.323000000000
1473481853,620.570000000000,0.050000000000
1473481854,620.500000000000,52.000000000000
1473481868,620.800000000000,52.000000000000
1473481868,620.800000000000,55.205900000000
1473481868,620.800000000000,0.794100000000
1473481868,620.790000000000,0.030300000000
1473481869,620.850000000000,0.015500000000
1473481879,620.860000000000,0.052300000000
1473481880,620.500000000000,67.443800000000
1473481889,620.790000000000,0.033500000000
1473481890,620.800000000000,54.050300000000
1473481925,620.500000000000,26.535500000000
1473481925,620.500000000000,40.556200000000
1473481966,620.800000000000,41.374800000000
1473481966,620.800000000000,12.949700000000
1473482363,620.800000000000,25.625200000000
1473482562,620.500000000000,67.645300000000
1473482562,620.500000000000,14.354700000000
1473482594,620.410000000000,0.017100000000
1473482595,620.800000000000,55.003400000000
1473482611,620.680000000000,2.300000000000
1473482611,620.500000000000,16.790000000000
1473482611,620.500000000000,64.210000000000
1473482656,620.800000000000,26.996600000000
1473482656,620.800000000000,28.687900000000
1473482672,620.500000000000,55.000000000000
1473482672,620.510000000000,0.051500000000
1473482702,620.790000000000,3.000000000000
1473482702,620.560000000000,0.034000000000
1473482742,620.740000000000,1.300000000000
1473483151,621.110000000000,0.017300000000
1473483495,621.720000000000,0.380400000000
1473483496,621.910000000000,0.067500000000
1473483583,621.160000000000,0.489000000000
1473483583,621.160000000000,0.484000000000
1473483583,621.160000000000,0.474000000000
1473483583,621.160000000000,0.476000000000
1473483584,621.160000000000,0.489000000000
1473483584,621.160000000000,0.492000000000
1473484675,620.640000000000,0.070000000000
1473484677,620.640000000000,0.070000000000
1473485990,620.490000000000,0.051400000000
1473486469,621.090000000000,0.034000000000
1473486481,620.770000000000,0.017300000000
1473486481,621.100000000000,55.756500000000
1473486493,620.600000000000,55.000000000000
1473486493,620.840000000000,0.051300000000
1473486513,621.110000000000,1.731400000000
1473486513,621.100000000000,53.391100000000
1473486513,621.090000000000,0.034000000000
1473486527,620.600000000000,55.000000000000
1473486527,620.580000000000,0.563300000000
1473486540,621.100000000000,0.017300000000
1473486540,621.110000000000,0.853900000000
1473486540,621.100000000000,55.000000000000
1473486553,620.600000000000,56.000000000000
1473486563,621.100000000000,55.974300000000
1473486576,620.600000000000,56.000000000000
1473486586,621.100000000000,55.252800000000
1473486586,621.100000000000,0.025700000000
1473486618,620.600000000000,55.000000000000
1473486688,621.000000000000,55.307800000000
1473486688,621.000000000000,52.854100000000
1473486703,620.600000000000,67.863100000000
1473486718,621.100000000000,54.634500000000
1473486737,620.600000000000,25.942500000000
1473486737,620.600000000000,41.136900000000
1473486746,621.100000000000,42.228900000000
1473486746,621.100000000000,12.365500000000
1473486777,620.610000000000,0.051400000000
1473486777,620.600000000000,38.229800000000
1473486777,620.600000000000,28.057500000000
1473486792,621.090000000000,0.034100000000
1473486792,621.100000000000,24.771100000000
1473486792,621.100000000000,31.092800000000
1473486847,620.700000000000,66.009200000000
1473486848,620.700000000000,6.990800000000
1473486848,620.710000000000,0.042900000000
1473486850,620.440000000000,0.021900000000
1473486863,620.430000000000,0.049100000000
1473486882,621.100000000000,35.907200000000
1473486882,621.100000000000,19.756400000000
1473486882,620.760000000000,0.025000000000
1473486896,620.600000000000,56.000000000000
1473486908,620.760000000000,0.012800000000
1473486908,621.100000000000,2.754100000000
1473486908,621.100000000000,53.473400000000
1473486911,620.970000000000,0.006500000000
1473486921,620.600000000000,56.000000000000
1473486932,621.100000000000,52.754600000000
1473486932,621.100000000000,3.245400000000
1473486932,621.100000000000,53.245900000000
1473486943,620.600000000000,67.116800000000
1473486943,620.850000000000,0.010000000000
1473486944,620.600000000000,41.883200000000
1473486946,620.720000000000,0.052000000000
1473486953,621.100000000000,55.668000000000
1473486953,620.710000000000,0.033700000000
1473487075,620.990000000000,0.017200000000
1473487108,620.700000000000,56.000000000000
1473487108,620.610000000000,0.051500000000
1473487119,621.000000000000,53.332000000000
1473487119,620.830000000000,0.034000000000
1473487138,620.700000000000,53.000000000000
1473487159,620.750000000000,0.017300000000
1473493704,621.240000000000,0.600000000000
1473493706,621.290000000000,1.000000000000
1473493728,621.740000000000,0.010000000000
1473493728,621.720000000000,0.410000000000
1473493729,621.990000000000,58.606600000000
1473493729,621.920000000000,0.600000000000
1473493729,621.980000000000,1.000000000000
1473493731,622.200000000000,0.600000000000
1473493731,621.990000000000,41.393400000000
1473494523,622.390000000000,1.000000000000
1473494977,622.390000000000,0.010000000000
1473495034,622.390000000000,0.041200000000
1473495034,622.390000000000,0.005100000000
1473495049,622.390000000000,0.023600000000
1473495065,622.390000000000,0.012100000000
1473496607,622.500000000000,0.398300000000
1473496619,622.900000000000,1.000000000000
1473496629,623.350000000000,1.000000000000
1473496629,623.110000000000,0.570000000000
1473496630,623.600000000000,0.727700000000
1473496640,623.620000000000,0.181900000000
1473497077,622.850000000000,0.053900000000
1473497585,622.700000000000,0.027500000000
1473497587,622.820000000000,0.014100000000
1473498460,623.450000000000,0.196900000000
1473499502,623.510000000000,0.052900000000
1473499502,623.080000000000,4.920000000000
1473499545,623.000000000000,4.900000000000
1473499592,623.020000000000,0.033100000000
1473501989,623.740000000000,0.016900000000
1473502105,623.810000000000,0.051400000000
1473502108,623.720000000000,0.026200000000
1473502713,623.710000000000,0.046600000000
1473502714,623.810000000000,0.023800000000
1473503700,623.690000000000,0.012100000000
1473504116,623.700000000000,56.219900000000
1473504135,623.400000000000,57.000000000000
1473504181,623.700000000000,3.482700000000
1473504181,623.700000000000,52.780100000000
1473504194,623.400000000000,56.000000000000
1473504248,623.800000000000,56.374600000000
1473504265,623.400000000000,56.000000000000
1473504333,623.800000000000,3.607800000000
1473504333,623.800000000000,53.142700000000
1473504354,623.400000000000,57.000000000000
1473504367,623.800000000000,52.392200000000
1473504368,623.800000000000,52.588500000000
1473504368,623.800000000000,4.411500000000
1473504376,623.590000000000,0.053800000000
1473504377,623.400000000000,42.590200000000
1473504377,623.400000000000,66.409800000000
1473504393,623.310000000000,0.032500000000
1473504506,623.460000000000,0.016600000000
1473504538,623.700000000000,57.297800000000
1473504555,623.400000000000,58.000000000000
1473505054,623.910000000000,0.051500000000
1473505066,623.660000000000,0.033700000000
1473505067,623.800000000000,57.231400000000
1473505154,623.790000000000,0.017200000000
1473505154,623.800000000000,52.470800000000
1473505158,623.210000000000,0.051200000000
1473505158,623.500000000000,57.000000000000
1473505173,623.530000000000,0.033900000000
1473505230,623.500000000000,53.000000000000
1473505239,623.560000000000,0.017200000000
1473506725,623.690000000000,0.610000000000
1473508094,623.500000000000,40.000000000000
1473508133,623.250000000000,0.100000000000
1473508136,623.250000000000,0.100000000000
1473508138,623.250000000000,0.090000000000
1473508140,623.250000000000,0.100000000000
1473508143,623.250000000000,0.090000000000
1473508146,623.250000000000,0.100000000000
1473508148,623.250000000000,0.090000000000
1473508150,623.250000000000,0.090000000000
1473508152,623.250000000000,0.100000000000
1473508249,623.210000000000,0.600000000000
1473513239,623.180000000000,0.649000000000
1473514345,623.220000000000,0.160000000000
1473514345,623.220000000000,0.159000000000
1473514345,623.220000000000,0.160000000000
1473514345,623.220000000000,0.160000000000
1473514345,623.220000000000,0.160000000000
1473514346,623.510000000000,50.000000000000
1473514415,623.290000000000,10.000000000000
1473514415,623.300000000000,0.051200000000
1473514671,623.270000000000,0.033900000000
1473514674,623.420000000000,0.017300000000
1473514690,623.420000000000,10.000000000000
1473514692,623.200000000000,0.051200000000
1473514696,623.190000000000,0.033900000000
1473514709,623.250000000000,0.017300000000
1473515049,623.300000000000,0.160000000000
1473515049,623.300000000000,0.160000000000
1473515049,623.300000000000,6.900000000000
1473515049,623.300000000000,0.160000000000
1473515050,623.300000000000,0.160000000000
1473515050,623.300000000000,0.001000000000
1473515050,623.300000000000,0.160000000000
1473515121,623.300000000000,7.900000000000
1473515295,623.250000000000,0.800000000000
1473515328,623.200000000000,3.300000000000
1473515328,623.330000000000,5.500000000000
1473515328,623.330000000000,2.405000000000
1473515383,623.330000000000,1.100000000000
1473515475,623.330000000000,1.000000000000
1473516727,623.210000000000,0.579000000000
1473516881,622.730000000000,0.500000000000
1473516959,622.690000000000,0.538100000000
1473517027,622.470000000000,0.500000000000
1473517357,622.660000000000,1.000000000000
1473517415,622.920000000000,0.640000000000
1473517415,623.060000000000,1.000000000000
1473517610,621.840000000000,0.690000000000
1473517611,621.580000000000,0.800000000000
1473517611,621.590000000000,0.051300000000
1473517611,621.570000000000,0.011800000000
1473517967,621.880000000000,0.019400000000
1473518156,620.720000000000,0.004200000000
1473518183,620.720000000000,0.022400000000
1473518252,621.110000000000,0.111400000000
1473518476,621.790000000000,0.108500000000
1473519559,621.390000000000,0.560600000000
1473519608,621.650000000000,0.048700000000
1473519609,621.250000000000,0.024900000000
1473519697,621.140000000000,0.792000000000
1473519698,621.020000000000,0.732700000000
1473519724,621.400000000000,0.012700000000
1473519950,621.650000000000,0.053700000000
1473520463,621.740000000000,0.032700000000
1473520501,621.600000000000,0.408500000000
1473520501,621.590000000000,0.043400000000
1473521480,621.800000000000,0.347800000000
1473521764,621.790000000000,0.022100000000
1473521800,621.930000000000,0.048800000000
1473521981,622.590000000000,7.220200000000
1473522002,622.520000000000,0.035200000000
1473522002,622.530000000000,0.684900000000
1473522513,621.250000000000,0.585000000000
1473522771,621.250000000000,0.018000000000
1473522772,621.260000000000,0.288300000000
1473522867,621.240000000000,0.064100000000
1473522902,620.970000000000,0.663000000000
1473522927,620.970000000000,0.758300000000
1473522934,620.510000000000,0.700000000000
1473522959,620.500000000000,0.058500000000
1473523024,620.500000000000,0.100000000000
1473523052,620.500000000000,0.129500000000
1473523117,620.770000000000,4.800000000000
1473523584,621.200000000000,0.051000000000
1473523722,621.150000000000,0.027900000000
1473523815,621.080000000000,0.035200000000
1473523815,621.070000000000,0.020500000000
1473523908,621.070000000000,0.010400000000
1473523908,620.900000000000,0.017100000000
1473523909,621.080000000000,0.227500000000
1473524041,621.120000000000,0.435100000000
1473524390,621.850000000000,0.200000000000
1473524785,621.240000000000,0.137800000000
1473525193,621.540000000000,1.413900000000
1473525212,621.460000000000,1.000000000000
1473525212,621.250000000000,1.000000000000
1473525289,621.360000000000,0.139200000000
1473525343,621.770000000000,0.054800000000
1473525344,621.760000000000,5.000000000000
1473525365,621.490000000000,0.032200000000
1473525452,621.630000000000,0.043700000000
1473526157,621.960000000000,0.037800000000
1473526160,622.350000000000,0.039000000000
1473526255,622.110000000000,0.019300000000
1473526255,622.120000000000,0.015500000000
1473526336,623.100000000000,0.743500000000
1473526847,622.790000000000,4.600000000000
1473526908,622.760000000000,2.016700000000
1473527023,623.000000000000,30.000000000000
1473527051,623.150000000000,0.700000000000
1473527051,623.160000000000,5.100000000000
1473527051,623.160000000000,0.050200000000
1473527053,623.090000000000,0.025600000000
1473527064,623.090000000000,0.015300000000
1473527110,623.070000000000,0.047000000000
1473527161,623.140000000000,0.024000000000
1473527161,623.150000000000,0.190200000000
1473527258,622.990000000000,0.012200000000
1473527258,623.000000000000,0.142200000000
1473527450,623.000000000000,29.857800000000
1473527481,623.200000000000,0.111300000000
1473527575,623.200000000000,0.029200000000
1473527958,623.440000000000,0.750000000000
1473528101,623.450000000000,8.102900000000
1473528495,623.340000000000,4.000000000000
1473528759,623.240000000000,0.053800000000
1473528792,623.060000000000,0.032600000000
1473528793,623.070000000000,0.032700000000
1473528844,623.060000000000,0.016600000000
1473529043,623.150000000000,0.069500000000
1473529199,623.170000000000,0.048700000000
1473529292,623.170000000000,0.048700000000
1473529400,623.090000000000,0.051500000000
1473529545,623.090000000000,0.140100000000
1473529545,623.080000000000,0.033700000000
1473529641,623.090000000000,0.021700000000
1473529641,623.080000000000,0.017200000000
1473529924,622.940000000000,0.032000000000
1473530334,622.810000000000,0.020900000000
1473530500,622.710000000000,0.027800000000
1473530594,622.700000000000,0.320200000000
1473530776,622.990000000000,0.125300000000
1473530871,622.990000000000,0.240800000000
1473531031,622.960000000000,0.027800000000
1473531061,622.710000000000,0.118300000000
1473531062,622.710000000000,0.700000000000
1473531062,622.650000000000,0.670000000000
1473531127,623.170000000000,0.208800000000
1473531222,622.760000000000,0.324300000000
1473531317,622.760000000000,0.009700000000
1473531536,622.760000000000,0.188000000000
1473531629,623.080000000000,0.076600000000
1473531721,623.080000000000,0.019500000000
1473531816,623.080000000000,0.194900000000
1473532036,622.980000000000,0.064100000000
1473532129,622.980000000000,0.069600000000
1473532281,622.940000000000,0.055700000000
1473532373,623.100000000000,0.151800000000
1473532467,623.100000000000,0.250600000000
1473532560,623.100000000000,0.245000000000
1473532695,623.430000000000,0.074300000000
1473532748,623.090000000000,0.417700000000
1473532968,623.070000000000,0.306200000000
1473534327,623.430000000000,0.175700000000
1473534435,623.770000000000,0.743300000000
1473534488,622.730000000000,7.700000000000
1473534557,622.630000000000,0.027800000000
1473534676,622.630000000000,0.743800000000
1473534777,622.630000000000,0.041800000000
1473534934,622.630000000000,0.033400000000
1473535029,622.620000000000,0.005600000000
1473535120,622.710000000000,0.199300000000
1473535215,622.710000000000,0.144900000000
1473535313,622.710000000000,0.182500000000
1473535395,622.710000000000,0.744000000000
1473535412,622.710000000000,0.076600000000
1473535764,622.710000000000,0.323300000000
1473535862,622.710000000000,0.222900000000
1473535922,622.640000000000,0.145100000000
1473535958,622.640000000000,0.027900000000
1473536064,622.950000000000,4.780000000000
1473536064,622.960000000000,0.051300000000
1473536064,622.940000000000,6.000000000000
1473536065,622.780000000000,0.026100000000
1473536155,622.770000000000,0.046700000000
1473536156,622.780000000000,0.023000000000
1473536252,622.770000000000,0.023800000000
1473536253,622.780000000000,0.008200000000
1473536331,622.810000000000,0.012200000000
1473536475,623.450000000000,0.074400000000
1473536534,623.160000000000,0.459700000000
1473536628,623.160000000000,0.111400000000
1473536847,623.160000000000,0.030700000000
1473537318,623.010000000000,0.306400000000
1473538215,623.920000000000,0.074300000000
1473538275,623.920000000000,0.736100000000
1473538935,623.990000000000,0.176900000000
1473539054,623.700000000000,0.148600000000
1473541035,624.250000000000,0.117600000000
1473541035,624.000000000000,0.298500000000
1473543162,623.780000000000,0.033400000000
1473543259,623.780000000000,0.055600000000
1473543353,623.780000000000,0.061200000000
1473543449,623.770000000000,0.048700000000
1473543545,623.760000000000,0.044500000000
1473543610,623.770000000000,8.151300000000
1473543610,623.770000000000,7.848700000000
1473543639,623.780000000000,0.080700000000
1473543739,623.770000000000,0.201800000000
1473543832,623.770000000000,0.041800000000
1473543991,623.770000000000,0.016700000000
1473544273,623.780000000000,0.016700000000
1473544371,623.780000000000,0.278300000000
1473544372,623.730000000000,0.010000000000
1473544397,623.780000000000,0.010000000000
1473544402,623.780000000000,49.464100000000
1473544562,624.020000000000,0.034800000000
1473544709,623.540000000000,0.010000000000
1473544764,624.360000000000,0.010000000000
1473544900,623.530000000000,0.000100000000
1473544963,623.540000000000,0.010000000000
1473544978,624.350000000000,0.010000000000
1473545169,623.530000000000,0.010000000000
1473545171,624.330000000000,0.010000000000
1473545963,623.680000000000,0.011100000000
1473545964,623.690000000000,0.002800000000
1473546217,623.700000000000,0.069500000000
1473546411,623.600000000000,0.104400000000
1473546436,623.730000000000,0.743400000000
1473546507,623.690000000000,0.034800000000
1473546568,623.130000000000,0.048900000000
1473546568,623.360000000000,0.027800000000
1473546568,623.120000000000,5.200000000000
1473546604,622.950000000000,0.011100000000
1473546605,622.960000000000,0.080800000000
1473546677,623.090000000000,0.011100000000
1473546678,623.730000000000,0.256600000000
1473546678,623.960000000000,0.355600000000
1473546764,623.070000000000,0.009800000000
1473546764,623.060000000000,0.011100000000
1473546888,623.290000000000,0.048900000000
1473547030,623.120000000000,0.010000000000
1473547032,623.120000000000,0.010000000000
1473547033,623.120000000000,0.010000000000
1473547035,623.120000000000,0.010000000000
1473547036,623.120000000000,0.010000000000
1473547037,623.120000000000,0.010000000000
1473547039,623.120000000000,0.010000000000
1473547075,623.130000000000,0.010000000000
1473547176,622.990000000000,0.048900000000
1473547446,623.180000000000,0.010000000000
1473547454,623.190000000000,0.017000000000
1473547454,623.180000000000,0.001100000000
1473547548,623.250000000000,0.278400000000
1473547645,623.180000000000,0.011100000000
1473547645,623.190000000000,0.036200000000
1473547739,623.040000000000,0.013900000000
1473547940,623.200000000000,0.011100000000
1473548061,623.250000000000,0.011100000000
1473548061,623.260000000000,0.086300000000
1473548218,623.390000000000,0.011100000000
1473548219,623.400000000000,0.406500000000
1473548421,623.100000000000,0.139200000000
1473548494,623.090000000000,0.011100000000
1473548519,623.330000000000,0.011100000000
1473548520,623.340000000000,0.005600000000
1473548617,623.340000000000,0.016700000000
1473548617,623.330000000000,0.011100000000
1473548717,623.340000000000,0.100200000000
1473549032,623.640000000000,0.011100000000
1473549033,623.650000000000,0.011200000000
1473549190,623.000000000000,0.018100000000
1473549285,623.000000000000,0.093300000000
1473549469,622.870000000000,0.033400000000
1473549561,623.750000000000,0.011100000000
1473549561,623.000000000000,0.068600000000
1473549562,623.760000000000,0.115300000000
1473549657,623.390000000000,0.521000000000
1473549852,622.940000000000,0.040400000000
1473549946,622.940000000000,0.054300000000
1473550042,622.940000000000,0.125300000000
1473550136,622.940000000000,0.027900000000
1473550297,622.940000000000,0.025100000000
1473550386,622.940000000000,0.167100000000
1473550477,622.630000000000,0.048800000000
1473550575,622.930000000000,0.081900000000
1473550670,622.930000000000,0.285700000000
1473550682,622.730000000000,0.610000000000
1473550683,622.460000000000,0.773000000000
1473550696,622.250000000000,1.000000000000
1473550955,622.450000000000,0.111600000000
1473551047,622.450000000000,0.019500000000
1473551205,622.450000000000,0.126900000000
1473551364,622.450000000000,0.025100000000
1473551457,622.450000000000,0.075300000000
1473551555,622.450000000000,0.359900000000
1473551963,622.450000000000,0.057200000000
1473552122,622.450000000000,0.079500000000
1473552218,622.450000000000,0.184200000000
1473552314,622.450000000000,0.048800000000
1473552534,622.450000000000,0.132500000000
1473552630,622.630000000000,0.071100000000
1473552725,622.640000000000,0.139500000000
1473552820,622.630000000000,0.083700000000
1473552913,622.640000000000,0.048800000000
1473553007,622.630000000000,0.057200000000
1473553105,622.640000000000,0.082300000000
1473553201,622.630000000000,0.023700000000
1473553297,622.540000000000,0.027900000000
1473553393,622.430000000000,10.156600000000
1473553487,622.210000000000,0.094900000000
1473553583,622.080000000000,0.195400000000
1473553739,622.240000000000,0.083800000000
1473554089,621.950000000000,0.016700000000
1473554186,622.010000000000,0.018200000000
1473554209,621.860000000000,0.125000000000
1473554340,622.030000000000,0.027900000000
1473554437,621.810000000000,0.076800000000
1473554600,622.030000000000,0.328000000000
1473554695,622.030000000000,0.014000000000
1473555045,622.230000000000,0.008400000000
1473555388,622.290000000000,0.014000000000
1473555480,622.260000000000,0.008400000000
1473555767,622.260000000000,0.181400000000
1473555863,622.180000000000,0.027900000000
1473555958,622.170000000000,0.040500000000
1473556057,622.180000000000,0.139600000000
1473556155,622.160000000000,0.016700000000
1473556254,622.020000000000,0.079600000000
1473556258,621.280000000000,0.049100000000
1473556258,621.270000000000,0.552000000000
1473556258,621.270000000000,0.554000000000
1473556258,621.270000000000,0.539000000000
1473556259,621.120000000000,0.174200000000
1473556259,621.270000000000,0.524000000000
1473556259,621.060000000000,2.647700000000
1473556478,622.010000000000,0.035100000000
1473556478,622.020000000000,0.274800000000
1473556763,622.300000000000,0.163300000000
1473556931,622.050000000000,0.014000000000
1473557028,622.290000000000,0.328000000000
1473557127,621.950000000000,0.017900000000
1473557127,621.960000000000,0.183100000000
1473557227,621.960000000000,0.058600000000
1473557324,622.330000000000,0.135400000000
1473557422,622.330000000000,0.007000000000
1473557529,622.330000000000,0.524600000000
1473557689,622.010000000000,0.030700000000
1473557786,622.010000000000,0.065600000000
1473557825,622.010000000000,0.051300000000
1473558478,622.100000000000,0.167500000000
1473559561,622.270000000000,0.216200000000
1473559659,622.500000000000,0.027900000000
1473559756,622.490000000000,0.061400000000
1473559853,622.490000000000,0.304200000000
1473559953,621.980000000000,0.157600000000
1473560178,622.610000000000,0.034900000000
1473560403,622.410000000000,0.048800000000
1473560818,622.640000000000,0.153500000000
1473560973,621.940000000000,0.027900000000
1473561135,621.940000000000,0.567500000000
1473561644,622.090000000000,0.530000000000
1473561947,622.410000000000,0.080900000000
1473562106,622.600000000000,0.530000000000
1473562642,622.530000000000,0.029300000000
1473562740,622.010000000000,0.054400000000
1473562839,622.010000000000,0.069800000000
1473563122,622.010000000000,0.823800000000
1473563223,622.010000000000,0.027900000000
1473563508,621.990000000000,0.099100000000
1473563915,621.990000000000,0.027900000000
1473564134,621.880000000000,0.485500000000
1473564241,621.880000000000,0.058600000000
1473564335,621.880000000000,0.074000000000
1473565002,621.940000000000,0.566400000000
1473565223,621.940000000000,0.209200000000
1473565521,621.930000000000,1.550000000000
1473565826,622.000000000000,0.111600000000
1473566043,622.000000000000,0.078100000000
1473566139,622.000000000000,0.069700000000
1473566415,622.150000000000,0.013400000000
1473566483,622.150000000000,0.041800000000
1473566574,622.150000000000,0.019500000000
1473566675,622.680000000000,0.152500000000
1473566675,622.150000000000,0.014800000000
1473567076,622.080000000000,0.323400000000
1473567168,622.080000000000,0.013900000000
1473567259,622.080000000000,0.090600000000
1473567353,622.280000000000,0.146400000000
1473567633,621.840000000000,0.041800000000
1473567852,621.320000000000,0.029300000000
1473568071,621.000000000000,0.299300000000
1473568086,620.810000000000,1.000000000000
1473568090,620.500000000000,0.500000000000
1473568091,620.500000000000,1.400000000000
1473568094,620.320000000000,1.000000000000
1473569135,621.270000000000,0.051000000000
1473569136,620.850000000000,0.026000000000
1473569138,620.850000000000,0.013300000000
1473569193,620.840000000000,0.053400000000
1473569364,621.320000000000,0.020900000000
1473569456,621.280000000000,0.002800000000
1473569800,621.540000000000,0.036200000000
1473569881,621.110000000000,0.032900000000
1473569890,621.110000000000,0.027800000000
1473570016,620.970000000000,0.043400000000
1473570018,621.240000000000,0.022100000000
1473570199,621.530000000000,0.055700000000
1473570292,621.590000000000,0.111300000000
1473570360,621.520000000000,0.080700000000
1473570360,621.110000000000,0.048900000000
1473570386,621.050000000000,0.035200000000
1473570387,621.060000000000,0.034400000000
1473570668,621.050000000000,0.018000000000
1473572176,621.330000000000,0.027800000000
1473572645,621.310000000000,0.027800000000
1473572741,621.300000000000,0.104400000000
1473573400,621.160000000000,0.034800000000
1473573728,621.290000000000,0.010000000000
1473573729,621.290000000000,0.010000000000
1473573729,621.290000000000,0.010000000000
1473573730,621.290000000000,0.010000000000
1473573731,621.290000000000,0.010000000000
1473573752,621.200000000000,1.000000000000
1473573752,621.210000000000,0.030000000000
1473574055,621.160000000000,0.023900000000
1473574056,621.170000000000,0.003900000000
1473574112,621.040000000000,0.048000000000
1473574219,621.760000000000,0.035700000000
1473574219,621.770000000000,0.001800000000
1473574814,621.770000000000,0.148200000000
1473574814,621.760000000000,0.018200000000
1473574921,621.250000000000,0.970000000000
1473575534,621.290000000000,0.079100000000
1473576065,621.440000000000,0.069400000000
1473577610,622.140000000000,0.020800000000
1473577955,622.450000000000,0.718000000000
1473578487,622.780000000000,0.048500000000
1473578541,622.300000000000,1.250000000000
1473578892,622.530000000000,0.083200000000
1473579298,622.470000000000,0.016600000000
1473580988,622.500000000000,0.027700000000
1473582020,622.270000000000,0.111000000000
1473584693,622.030000000000,0.033300000000
1473584848,621.620000000000,0.050900000000
1473584851,621.490000000000,0.034200000000
1473585412,622.070000000000,0.012500000000
1473588242,621.840000000000,0.042700000000
1473588310,621.510000000000,0.038400000000
1473588515,622.040000000000,0.037400000000
1473588937,622.710000000000,0.550000000000
1473588975,623.000000000000,4.324900000000
1473588975,622.940000000000,1.807800000000
1473588976,623.420000000000,18.720000000000
1473588976,623.430000000000,0.125000000000
1473588977,623.470000000000,7.960000000000
1473588979,623.440000000000,7.919500000000
1473588979,623.480000000000,0.040500000000
1473589005,623.020000000000,5.000000000000
1473589005,622.990000000000,0.020600000000
1473589795,622.970000000000,0.049500000000
1473590029,623.160000000000,0.010000000000
1473590031,623.160000000000,0.010000000000
1473590462,623.380000000000,0.160000000000
1473591033,623.350000000000,0.025000000000
1473591185,622.960000000000,0.012700000000
1473591186,622.950000000000,0.692600000000
1473591422,623.350000000000,1.000000000000
1473591430,623.350000000000,0.960000000000
1473593287,622.980000000000,0.053500000000
1473593694,623.230000000000,0.032700000000
1473593695,623.220000000000,10.000000000000
1473593695,623.210000000000,39.967300000000
1473595050,623.180000000000,0.580000000000
1473595143,622.940000000000,0.493000000000
1473595143,623.010000000000,0.700000000000
1473595143,623.000000000000,20.000000000000
1473595904,623.250000000000,0.016700000000
1473595912,623.240000000000,0.533300000000
1473596658,623.220000000000,0.530000000000
1473597327,622.990000000000,0.033200000000
1473597858,623.600000000000,0.035200000000
1473597859,623.610000000000,0.009000000000
1473598391,624.050000000000,0.604000000000
1473598391,624.060000000000,1.051500000000
1473599045,623.420000000000,0.013800000000
1473600082,623.860000000000,0.018000000000
1473600082,623.870000000000,0.009600000000
1473600172,623.870000000000,0.073200000000
1473600369,623.400000000000,0.050000000000
1473601136,623.350000000000,0.010000000000
1473601142,623.170000000000,0.023500000000
1473601369,623.520000000000,0.038600000000
1473601382,623.520000000000,0.160000000000
1473601383,623.520000000000,0.160000000000
1473601421,623.580000000000,0.022100000000
1473601766,623.580000000000,0.015200000000
1473601786,623.580000000000,0.069700000000
1473601860,623.610000000000,0.030400000000
1473601949,623.610000000000,0.026300000000
1473602041,623.610000000000,0.034900000000
1473602041,623.890000000000,0.019600000000
1473602042,623.900000000000,0.228700000000
1473602259,623.830000000000,0.041500000000
1473602349,623.810000000000,0.013800000000
1473603201,624.010000000000,0.076000000000
1473603606,623.660000000000,0.027600000000
1473604075,623.870000000000,0.013800000000
1473604419,623.650000000000,0.008300000000
1473604444,623.140000000000,0.050000000000
1473604576,623.140000000000,0.020700000000
1473604730,623.140000000000,0.065000000000
1473604732,623.160000000000,1.000000000000
1473604732,623.140000000000,0.017800000000
1473605201,623.140000000000,0.076100000000
1473605211,623.140000000000,0.523900000000
1473605294,623.350000000000,0.193600000000
1473605634,623.390000000000,0.761600000000
1473605768,623.430000000000,0.112800000000
1473605768,623.420000000000,0.025400000000
1473605861,623.420000000000,0.012900000000
1473605861,623.430000000000,0.561500000000
1473605864,623.440000000000,0.006600000000
1473605923,623.550000000000,0.248800000000
1473606105,623.560000000000,0.016600000000
1473606128,623.450000000000,0.053600000000
1473606129,623.440000000000,0.027300000000
1473606131,623.440000000000,0.014000000000
1473606350,623.420000000000,0.027600000000
1473606442,623.420000000000,0.005100000000
1473606442,623.410000000000,0.036400000000
1473606536,623.580000000000,1.278300000000
1473606631,623.450000000000,0.018500000000
1473606631,623.460000000000,0.169400000000
1473606633,623.460000000000,20.130000000000
1473606654,623.430000000000,0.047500000000
1473606744,623.430000000000,0.024200000000
1473607137,623.410000000000,0.012400000000
1473607137,623.220000000000,0.600000000000
1473607138,623.090000000000,0.690000000000
1473607167,623.200000000000,0.010000000000
1473607178,623.440000000000,0.011200000000
1473607179,623.430000000000,0.988800000000
1473607620,623.320000000000,0.016600000000
1473607776,623.860000000000,0.055300000000
1473607867,623.360000000000,0.020000000000
1473607868,623.360000000000,0.038100000000
1473608554,623.420000000000,0.045700000000
1473608772,623.330000000000,0.089900000000
1473608928,623.110000000000,0.013800000000
1473609145,623.110000000000,0.157700000000
1473609236,623.110000000000,0.027700000000
1473609251,623.110000000000,0.150800000000
1473609990,623.200000000000,0.297500000000
1473610095,623.200000000000,0.074000000000
1473610274,623.160000000000,0.322500000000
1473610367,623.160000000000,0.131500000000
1473610524,623.410000000000,0.325400000000
1473611355,623.620000000000,0.118500000000
1473611454,623.220000000000,0.340000000000
1473611656,623.010000000000,0.023700000000
1473611656,623.000000000000,20.000000000000
1473611656,623.000000000000,10.000000000000
1473611656,623.360000000000,0.012500000000
1473611743,623.430000000000,0.031800000000
1473611927,623.270000000000,0.044900000000
1473611928,623.280000000000,0.038200000000
1473611938,623.270000000000,0.022900000000
1473612195,623.610000000000,0.059300000000
1473612496,623.500000000000,0.033200000000
1473612578,623.390000000000,0.011700000000
1473612578,623.400000000000,0.036800000000
1473612669,623.430000000000,0.052700000000
1473612759,623.410000000000,0.027700000000
1473612850,623.310000000000,0.027700000000
1473612941,623.310000000000,0.025000000000
1473613031,623.310000000000,0.138700000000
1473613123,623.350000000000,0.006900000000
1473613214,623.160000000000,0.069300000000
1473613358,623.170000000000,1.000000000000
1473613497,623.180000000000,0.222000000000
1473613589,622.690000000000,0.138700000000
1473613681,622.940000000000,0.015300000000
1473614424,623.370000000000,0.051000000000
1473614429,623.240000000000,0.011100000000
1473614504,623.220000000000,0.031500000000
1473614509,623.330000000000,0.041000000000
1473615273,622.700000000000,0.205300000000
1473615369,622.700000000000,0.194300000000
1473615465,623.100000000000,0.090100000000
1473615465,623.090000000000,0.020900000000
1473615559,623.090000000000,0.010600000000
1473615559,623.100000000000,0.090700000000
1473615650,623.100000000000,0.044400000000
1473615994,622.830000000000,0.010000000000
1473616603,623.520000000000,0.099900000000
1473616821,623.420000000000,1.129000000000
1473616833,623.420000000000,1.500000000000
1473616837,623.420000000000,1.000000000000
1473616841,623.420000000000,46.371000000000
1473616847,624.140000000000,0.010300000000
1473616847,624.140000000000,1.288700000000
1473616856,624.240000000000,14.360000000000
1473616866,625.000000000000,0.900000000000
1473616868,625.110000000000,5.060000000000
1473616868,625.000000000000,6.482700000000
1473616882,626.190000000000,1.000000000000
1473616891,626.300000000000,1.000000000000
1473616905,626.650000000000,1.120000000000
1473616910,626.650000000000,1.000000000000
1473616922,627.190000000000,1.000000000000
1473616930,627.510000000000,1.000000000000
1473616941,627.500000000000,1.300000000000
1473616951,627.510000000000,1.005000000000
1473616955,627.630000000000,1.000000000000
1473616958,627.630000000000,0.953000000000
1473616965,627.630000000000,0.720000000000
1473616969,627.520000000000,4.726000000000
1473616969,627.520000000000,0.051300000000
1473616970,627.510000000000,0.550000000000
1473616975,627.670000000000,1.130000000000
1473617086,627.820000000000,0.547000000000
1473617086,627.820000000000,0.121000000000
1473617121,627.820000000000,12.821000000000
1473617336,627.710000000000,0.030400000000
1473617336,627.770000000000,1.000000000000
1473617336,627.830000000000,0.500000000000
1473617337,628.040000000000,0.015500000000
1473617338,628.040000000000,0.520000000000
1473617448,628.000000000000,2.551300000000
1473617448,628.010000000000,0.048700000000
1473617539,627.990000000000,0.024800000000
1473617960,627.420000000000,0.020000000000
1473617960,627.430000000000,0.444000000000
1473617962,627.460000000000,0.010000000000
1473618323,627.870000000000,0.029300000000
1473618323,627.880000000000,0.032800000000
1473618416,627.860000000000,0.010000000000
1473618417,627.870000000000,0.023100000000
1473618512,627.470000000000,0.200100000000
1473618794,627.550000000000,0.034500000000
1473618885,627.550000000000,0.124300000000
1473618982,627.550000000000,0.033100000000
1473618995,627.550000000000,0.138100000000
1473619071,627.820000000000,0.072800000000
1473619071,627.810000000000,0.010000000000
1473619161,627.280000000000,0.042800000000
1473619312,627.280000000000,0.267200000000
1473619312,627.580000000000,0.235200000000
1473619382,627.580000000000,0.173800000000
1473619467,627.880000000000,0.033100000000
1473619560,627.300000000000,0.082800000000
1473619613,627.300000000000,0.372200000000
1473619613,627.600000000000,0.380000000000
1473619616,627.780000000000,0.779000000000
1473619618,627.680000000000,0.500000000000
1473619618,627.680000000000,0.400000000000
1473621124,627.230000000000,0.172600000000
1473621187,627.140000000000,0.670000000000
1473621193,627.140000000000,0.924000000000
1473621197,627.040000000000,0.400000000000
1473621198,627.040000000000,0.480000000000
1473621208,627.230000000000,0.041400000000
1473621302,625.760000000000,1.000000000000
1473621343,624.310000000000,0.125000000000
1473621469,624.220000000000,0.111100000000
1473621488,622.500000000000,1.000000000000
1473621489,622.500000000000,3.320000000000
1473621695,621.710000000000,0.200000000000
1473621705,621.560000000000,0.222200000000
1473621716,620.340000000000,0.798000000000
1473621723,620.390000000000,1.700000000000
1473621725,620.400000000000,4.796000000000
1473621729,620.000000000000,0.999000000000
1473621729,620.000000000000,0.001000000000
1473621732,620.000000000000,35.667300000000
1473621732,620.000000000000,63.333700000000
1473621732,620.000000000000,0.220000000000
1473621737,619.540000000000,1.900000000000
1473621738,619.540000000000,0.980000000000
1473621743,618.860000000000,0.125000000000
1473621744,618.400000000000,0.060000000000
1473621747,618.000000000000,1.000000000000
1473621753,617.600000000000,2.000000000000
1473621753,618.240000000000,0.802600000000
1473621754,618.500000000000,1.000000000000
1473621754,618.770000000000,3.225400000000
1473621754,618.560000000000,0.800000000000
1473621761,616.800000000000,50.000000000000
1473621764,617.260000000000,0.292300000000
1473621777,616.160000000000,1.000000000000
1473621781,616.020000000000,1.870000000000
1473621790,616.530000000000,1.060000000000
1473621790,616.170000000000,1.000000000000
1473621793,616.730000000000,1.600000000000
1473621793,616.760000000000,1.260000000000
1473621794,616.870000000000,1.090000000000
1473621794,616.790000000000,1.471000000000
1473621797,616.970000000000,1.047000000000
1473621797,617.180000000000,1.000000000000
1473621800,617.140000000000,1.011000000000
1473621801,617.140000000000,1.348000000000
1473621803,617.170000000000,1.490000000000
1473621804,617.170000000000,1.500000000000
1473621805,616.960000000000,1.453000000000
1473621810,617.700000000000,0.793000000000
1473621810,617.530000000000,15.380000000000
1473621811,617.800000000000,3.700000000000
1473621811,616.630000000000,0.392000000000
1473621811,617.800000000000,0.392000000000
1473621813,617.870000000000,0.160000000000
1473621819,616.640000000000,0.052400000000
1473621820,616.170000000000,0.107600000000
1473621827,616.720000000000,0.160500000000
1473621828,616.270000000000,0.161000000000
1473621829,616.270000000000,0.161000000000
1473621836,616.730000000000,0.391000000000
1473621883,617.040000000000,0.030800000000
1473621886,617.050000000000,0.172000000000
1473621886,617.050000000000,0.171000000000
1473621886,617.050000000000,0.026200000000
1473621891,617.050000000000,0.171000000000
1473621891,617.050000000000,0.172000000000
1473621891,617.050000000000,0.144800000000
1473621893,617.070000000000,0.169000000000
1473621894,617.070000000000,0.392000000000
1473621894,617.070000000000,0.394000000000
1473621894,617.070000000000,0.390000000000
1473621895,617.070000000000,0.167000000000
1473621895,617.070000000000,0.171000000000
1473621895,617.070000000000,0.170000000000
1473621896,617.120000000000,0.960300000000
1473621896,617.070000000000,0.171000000000
1473621896,617.110000000000,0.015700000000
1473621897,617.050000000000,1.512200000000
1473621897,616.990000000000,1.913000000000
1473621899,616.970000000000,1.690000000000
1473621900,616.980000000000,3.930000000000
1473621950,617.860000000000,4.822000000000
1473621950,617.800000000000,1.800000000000
1473621950,617.330000000000,0.390000000000
1473621953,618.160000000000,0.410000000000
1473622171,615.160000000000,0.333300000000
1473622180,615.000000000000,0.391000000000
1473622181,615.000000000000,1.000000000000
1473622181,615.000000000000,0.609000000000
1473622205,614.420000000000,1.699000000000
1473622206,614.880000000000,0.794000000000
1473622212,614.000000000000,59.736800000000
1473622214,614.000000000000,2.900000000000
1473622216,614.000000000000,37.363200000000
1473622217,614.000000000000,0.391000000000
1473622217,614.150000000000,1.700000000000
1473622217,614.050000000000,0.392000000000
1473622217,614.430000000000,1.620000000000
1473622218,614.310000000000,1.984000000000
1473622220,613.760000000000,1.333000000000
1473622223,613.000000000000,1.000000000000
1473622229,612.000000000000,4.150000000000
1473622232,612.160000000000,2.000000000000
1473622245,611.160000000000,1.333300000000
1473622252,610.690000000000,50.000000000000
1473622267,610.160000000000,0.392000000000
1473622274,610.000000000000,55.465200000000
1473622274,610.160000000000,0.108000000000
1473622281,610.000000000000,44.534800000000
1473622281,610.000000000000,10.221600000000
1473622283,610.000000000000,2.700000000000
1473622285,610.000000000000,0.917600000000
1473622285,610.000000000000,7.078400000000
1473622288,610.000000000000,0.082400000000
1473622288,610.000000000000,1.000000000000
1473622308,609.300000000000,3.000000000000
1473622330,607.000000000000,52.398200000000
1473622330,607.120000000000,0.020000000000
1473622330,607.120000000000,0.050300000000
1473622330,607.120000000000,0.020000000000
1473622335,607.000000000000,47.601800000000
1473622340,606.160000000000,2.222200000000
1473622340,605.860000000000,1.000000000000
1473622349,606.140000000000,0.006100000000
1473622356,604.640000000000,49.215600000000
1473622356,604.640000000000,0.784400000000
1473622367,603.160000000000,2.738800000000
1473622373,602.760000000000,3.450000000000
1473622374,601.990000000000,0.440000000000
1473622378,602.000000000000,0.162000000000
1473622380,601.080000000000,2.738800000000
1473622385,600.820000000000,0.167000000000
1473622386,600.820000000000,0.167000000000
1473622386,600.820000000000,0.167000000000
1473622386,600.820000000000,0.167000000000
1473622387,601.830000000000,0.252700000000
1473622405,600.320000000000,0.595000000000
1473622413,598.660000000000,5.000000000000
1473622416,598.660000000000,0.167000000000
1473622417,598.790000000000,0.868200000000
1473622423,598.660000000000,44.833000000000
1473622435,597.830000000000,4.710000000000
1473622435,597.840000000000,2.300000000000
1473622440,596.700000000000,0.001100000000
1473622442,597.260000000000,3.000000000000
1473622453,597.340000000000,2.000000000000
1473622453,597.220000000000,3.000000000000
1473622453,597.250000000000,4.986000000000
1473622453,596.900000000000,2.300000000000
1473622461,597.400000000000,0.054700000000
1473622462,597.620000000000,0.577600000000
1473622467,597.200000000000,0.392000000000
1473622467,597.410000000000,0.394000000000
1473622467,597.200000000000,0.796000000000
1473622467,597.410000000000,0.370000000000
1473622467,597.410000000000,0.172000000000
1473622467,597.410000000000,0.169000000000
1473622467,597.410000000000,0.173000000000
1473622467,597.410000000000,0.173000000000
1473622468,597.620000000000,0.390000000000
1473622468,597.410000000000,0.172000000000
1473622468,597.620000000000,0.162000000000
1473622468,597.620000000000,0.173000000000
1473622468,597.610000000000,0.054700000000
1473622468,597.620000000000,0.169000000000
1473622469,597.700000000000,0.173000000000
1473622469,597.700000000000,0.393000000000
1473622469,597.700000000000,0.172000000000
1473622477,597.190000000000,0.295000000000
1473622479,598.050000000000,10.000000000000
1473622489,597.880000000000,0.480100000000
1473622507,597.410000000000,0.391000000000
1473622507,597.410000000000,0.173000000000
1473622507,596.940000000000,5.002000000000
1473622507,597.410000000000,0.172000000000
1473622508,597.410000000000,0.172000000000
1473622508,597.410000000000,0.393000000000
1473622508,597.410000000000,0.173000000000
1473622509,598.250000000000,0.394000000000
1473622515,597.510000000000,1.393000000000
1473622524,597.770000000000,0.066000000000
1473622525,597.770000000000,0.381000000000
1473622526,597.770000000000,5.000000000000
1473622561,597.500000000000,0.173000000000
1473622562,597.500000000000,0.173000000000
1473622562,597.500000000000,0.173000000000
1473622563,597.500000000000,0.172000000000
1473622564,597.500000000000,0.395000000000
1473622564,597.500000000000,0.170000000000
1473622564,597.500000000000,0.169000000000
1473622565,597.500000000000,0.173000000000
1473622565,597.500000000000,0.172000000000
1473622566,597.500000000000,0.174000000000
1473622569,597.560000000000,1.607000000000
1473622569,597.500000000000,0.393000000000
1473622572,597.560000000000,0.392000000000
1473622572,597.550000000000,5.009000000000
1473622572,597.560000000000,1.393000000000
1473622572,597.560000000000,0.394000000000
1473622573,597.770000000000,3.000000000000
1473622573,597.560000000000,0.396000000000
1473622575,597.880000000000,0.480500000000
1473622625,598.850000000000,10.000000000000
1473622625,598.840000000000,4.979000000000
1473622642,599.770000000000,0.057100000000
1473622642,599.760000000000,24.942900000000
1473622663,601.890000000000,2.000000000000
1473622665,601.560000000000,0.592000000000
1473622667,601.910000000000,1.537000000000
1473622675,602.130000000000,0.131000000000
1473622677,602.490000000000,0.029000000000
1473622679,601.430000000000,0.029000000000
1473622686,603.190000000000,0.330000000000
1473622689,603.440000000000,2.828000000000
1473622689,603.490000000000,2.000000000000
1473622724,602.320000000000,7.000000000000
1473622730,602.640000000000,0.392000000000
1473622730,602.640000000000,0.390000000000
1473622730,602.640000000000,0.393000000000
1473622731,602.640000000000,0.394000000000
1473622731,602.520000000000,0.130000000000
1473622739,602.690000000000,0.066000000000
1473622776,603.020000000000,0.066000000000
1473622790,602.690000000000,0.066000000000
1473622791,603.380000000000,0.169000000000
1473622791,603.380000000000,0.173000000000
1473622791,604.000000000000,0.172000000000
1473622791,603.000000000000,0.172000000000
1473622791,603.000000000000,0.168000000000
1473622791,603.000000000000,0.394000000000
1473622792,604.000000000000,0.172000000000
1473622793,604.000000000000,0.173000000000
1473622793,604.000000000000,0.172000000000
1473622793,604.000000000000,0.171000000000
1473622794,604.000000000000,0.173000000000
1473622801,603.570000000000,4.948000000000
1473622803,604.000000000000,11.000000000000
1473622803,603.980000000000,0.880000000000
1473622804,604.210000000000,10.000000000000
1473622804,603.980000000000,1.000000000000
1473622806,604.320000000000,1.217800000000
1473622808,603.510000000000,0.066000000000
1473622811,604.160000000000,0.030000000000
1473622813,603.330000000000,0.066000000000
1473622816,603.330000000000,0.132000000000
1473622821,603.390000000000,0.066000000000
1473622827,603.970000000000,0.066000000000
1473622856,602.690000000000,6.000000000000
1473622858,602.690000000000,6.000000000000
1473622881,603.370000000000,0.057500000000
1473622959,602.770000000000,0.020000000000
1473622964,602.770000000000,0.269900000000
1473622969,602.830000000000,0.019000000000
1473622969,602.820000000000,0.128700000000
1473622970,602.820000000000,0.500000000000
1473623007,602.690000000000,7.934000000000
1473623007,602.830000000000,0.009700000000
1473623007,602.760000000000,0.111100000000
1473623056,603.220000000000,0.388000000000
1473623056,603.210000000000,4.980000000000
1473623056,603.210000000000,0.053200000000
1473623057,603.220000000000,0.027100000000
1473623057,603.220000000000,0.391000000000
1473623057,603.220000000000,0.210000000000
1473623059,603.220000000000,0.391000000000
1473623060,603.220000000000,0.173000000000
1473623060,603.220000000000,0.169000000000
1473623061,603.230000000000,0.168000000000
1473623061,603.220000000000,0.174000000000
1473623062,603.340000000000,0.172000000000
1473623063,603.340000000000,0.172000000000
1473623063,603.340000000000,0.173000000000
1473623063,603.340000000000,0.173000000000
1473623064,603.340000000000,0.174000000000
1473623064,603.340000000000,0.173000000000
1473623065,603.230000000000,4.781000000000
1473623066,603.200000000000,4.960000000000
1473623067,603.350000000000,0.044200000000
1473623111,602.910000000000,0.050000000000
1473623125,604.900000000000,1.000000000000
1473623125,604.640000000000,50.000000000000
1473623125,604.900000000000,0.010000000000
1473623125,604.900000000000,0.010000000000
1473623127,605.150000000000,0.010000000000
1473623129,603.980000000000,0.022500000000
1473623129,604.840000000000,2.080000000000
1473623131,603.170000000000,15.930000000000
1473623133,602.860000000000,0.011500000000
1473623150,602.850000000000,15.890000000000
1473623182,602.760000000000,0.111100000000
1473623183,602.000000000000,53.916000000000
1473623185,602.000000000000,52.131100000000
1473623192,602.420000000000,0.388000000000
1473623192,602.420000000000,0.391000000000
1473623192,602.410000000000,0.052100000000
1473623192,602.650000000000,5.072000000000
1473623192,602.410000000000,0.040000000000
1473623193,602.940000000000,0.042100000000
1473623193,602.940000000000,0.393000000000
1473623194,602.870000000000,0.010000000000
1473623229,602.530000000000,0.245200000000
1473623256,602.000000000000,0.392000000000
1473623320,602.430000000000,1.000000000000
1473623321,602.450000000000,0.390000000000
1473623321,602.450000000000,0.393000000000
1473623321,602.450000000000,10.000000000000
1473623321,602.430000000000,3.976000000000
1473623321,602.450000000000,0.392000000000
1473623375,602.650000000000,2.454000000000
1473623376,602.660000000000,8.800000000000
1473623382,603.400000000000,0.020000000000
1473623386,602.990000000000,0.047100000000
1473623445,602.680000000000,0.500000000000
1473623458,602.950000000000,1.453000000000
1473623458,602.940000000000,0.247000000000
1473623466,603.870000000000,0.024000000000
1473623503,603.760000000000,0.012200000000
1473623507,605.230000000000,0.949800000000
1473623585,604.230000000000,0.386000000000
1473623637,605.600000000000,0.856700000000
1473623637,605.080000000000,0.216000000000
1473623637,604.210000000000,0.051700000000
1473623639,606.130000000000,0.400000000000
1473623641,606.140000000000,0.031400000000
1473623671,604.400000000000,4.931000000000
1473623745,604.400000000000,0.041700000000
1473623746,604.410000000000,2.082000000000
1473623912,602.570000000000,0.549700000000
1473623912,602.290000000000,0.603600000000
1473623913,602.000000000000,16.260000000000
1473623913,601.980000000000,0.810000000000
1473623918,602.820000000000,0.021300000000
1473623920,602.820000000000,0.010900000000
1473623923,601.780000000000,0.052500000000
1473623925,602.240000000000,0.031300000000
1473623928,602.940000000000,0.015900000000
1473623964,602.050000000000,0.049900000000
1473623964,602.040000000000,0.700000000000
1473623966,601.790000000000,1.000000000000
1473623972,602.550000000000,0.173000000000
1473623981,601.900000000000,0.032600000000
1473623983,602.440000000000,0.172000000000
1473623984,602.440000000000,0.173000000000
1473623992,601.760000000000,0.970000000000
1473623998,602.540000000000,0.174000000000
1473623998,602.540000000000,0.170000000000
1473623999,602.540000000000,0.173000000000
1473624001,602.540000000000,0.016600000000
1473624055,602.070000000000,0.611000000000
1473624115,602.500000000000,0.049500000000
1473624117,602.220000000000,0.025200000000
1473624120,601.630000000000,1.000000000000
1473624123,602.480000000000,0.045100000000
1473624124,602.480000000000,0.023000000000
1473624242,601.930000000000,0.020000000000
1473624257,601.920000000000,0.021500000000
1473624375,602.050000000000,0.925000000000
1473624375,602.200000000000,0.047000000000
1473624376,602.020000000000,0.023900000000
1473624378,602.020000000000,0.012200000000
1473624468,602.010000000000,0.700000000000
1473624469,601.920000000000,0.070000000000
1473624839,601.820000000000,0.704300000000
1473624875,601.620000000000,0.500000000000
1473625013,601.750000000000,0.158200000000
1473625138,600.760000000000,0.277700000000
1473625146,600.550000000000,0.333300000000
1473625265,599.730000000000,0.822700000000
1473625265,599.330000000000,1.000000000000
1473625268,599.030000000000,1.700000000000
1473625314,599.500000000000,0.051700000000
1473625314,600.070000000000,5.060000000000
1473625318,600.090000000000,0.026400000000
1473625328,600.150000000000,0.044500000000
1473625329,599.900000000000,0.022700000000
1473625815,600.880000000000,0.556100000000
1473626194,601.860000000000,10.000000000000
1473627401,601.840000000000,0.036200000000
1473627766,601.160000000000,0.028600000000
1473627767,601.170000000000,0.007600000000
1473627806,600.590000000000,0.586000000000
1473627807,600.350000000000,0.043400000000
1473627808,600.340000000000,1.000000000000
1473627826,600.320000000000,0.514000000000
1473627834,600.230000000000,0.385000000000
1473627834,600.230000000000,0.386000000000
1473627835,600.220000000000,0.359000000000
1473627835,600.230000000000,0.029000000000
1473627877,600.210000000000,0.778600000000
1473628015,599.500000000000,1.000000000000
1473628016,598.830000000000,0.022200000000
1473628016,598.950000000000,0.795700000000
1473628016,598.760000000000,0.350000000000
1473628016,599.200000000000,0.880300000000
1473628017,598.700000000000,1.000000000000
1473628019,598.700000000000,1.000000000000
1473628020,598.700000000000,0.180000000000
1473628033,598.660000000000,49.099200000000
1473628033,598.670000000000,1.000000000000
1473628039,598.660000000000,0.900800000000
1473628039,598.610000000000,0.879000000000
1473628050,598.520000000000,0.837000000000
1473628051,598.500000000000,0.895200000000
1473628052,598.680000000000,0.386000000000
1473628052,598.680000000000,0.174000000000
1473628052,598.680000000000,0.170000000000
1473628052,598.680000000000,0.175000000000
1473628053,598.680000000000,0.173000000000
1473628053,598.680000000000,0.174000000000
1473628053,598.680000000000,0.391000000000
1473628053,598.680000000000,0.175000000000
1473628053,598.680000000000,0.388000000000
1473628053,598.680000000000,0.169000000000
1473628054,598.680000000000,0.385000000000
1473628054,598.680000000000,0.173000000000
1473628054,598.680000000000,0.174000000000
1473628054,598.680000000000,0.173000000000
1473628112,599.290000000000,0.046700000000
1473628112,599.300000000000,0.066300000000
1473628137,599.290000000000,0.023900000000
1473628138,599.300000000000,0.293700000000
1473628183,598.710000000000,0.979900000000
1473628183,598.930000000000,1.000000000000
1473628183,598.580000000000,0.983000000000
1473628183,598.580000000000,0.045900000000
1473628230,598.760000000000,0.169000000000
1473628230,598.760000000000,0.174000000000
1473628230,598.760000000000,0.174000000000
1473628230,598.760000000000,0.173000000000
1473628231,598.760000000000,0.173000000000
1473628231,598.760000000000,0.175000000000
1473628231,598.760000000000,0.170000000000
1473628231,598.760000000000,0.173000000000
1473628231,598.760000000000,0.175000000000
1473628231,598.760000000000,0.173000000000
1473628385,599.110000000000,0.387000000000
1473628385,599.110000000000,0.384000000000
1473628386,599.110000000000,0.386000000000
1473628386,599.110000000000,0.391000000000
1473628394,599.630000000000,0.087000000000
1473628492,599.860000000000,0.770000000000
1473628492,600.130000000000,1.000000000000
1473628492,600.380000000000,0.492100000000
1473628585,599.910000000000,0.181200000000
1473628592,600.120000000000,0.873100000000
1473628593,600.120000000000,1.100000000000
1473628622,599.820000000000,0.034600000000
1473628676,600.160000000000,0.021700000000
1473628767,599.920000000000,0.144900000000
1473628769,599.920000000000,52.855100000000
1473628769,599.910000000000,0.017700000000
1473628831,599.500000000000,50.000000000000
1473628855,599.690000000000,0.049000000000
1473628859,599.690000000000,0.014500000000
1473628954,599.680000000000,0.033000000000
1473628954,599.690000000000,0.043800000000
1473629014,599.680000000000,0.016900000000
1473629014,599.690000000000,50.892100000000
1473629204,599.970000000000,0.144900000000
1473629302,600.370000000000,0.141900000000
1473629457,600.370000000000,0.059400000000
1473629547,600.460000000000,0.014500000000
1473629702,600.930000000000,0.059300000000
1473629714,600.920000000000,7.600000000000
1473629714,600.930000000000,1.429000000000
1473629715,600.910000000000,0.900000000000
1473629718,600.950000000000,0.948800000000
1473629720,600.950000000000,1.700000000000
1473629724,600.980000000000,1.505900000000
1473629730,600.980000000000,1.642000000000
1473629769,602.700000000000,1.000000000000
1473629770,602.700000000000,0.700000000000
1473629777,602.710000000000,0.049200000000
1473629792,602.480000000000,0.990000000000
1473629792,602.540000000000,1.000000000000
1473629801,602.770000000000,0.298100000000
1473629810,602.620000000000,0.025100000000
1473629811,602.610000000000,0.974900000000
1473629812,602.710000000000,1.064000000000
1473629814,601.990000000000,0.012800000000
1473629978,602.720000000000,1.100000000000
1473629978,602.790000000000,1.170000000000
1473630045,603.140000000000,0.040400000000
1473630126,603.430000000000,0.400000000000
1473630205,603.720000000000,0.730000000000
1473630207,604.020000000000,0.023100000000
1473630299,604.280000000000,0.245000000000
1473630456,604.230000000000,0.122400000000
1473630495,604.610000000000,1.000000000000
1473630496,604.630000000000,0.198500000000
1473630550,604.640000000000,0.064800000000
1473630645,604.640000000000,0.057600000000
1473630714,604.200000000000,3.100000000000
1473630800,604.630000000000,0.051300000000
1473630801,604.640000000000,0.006300000000
1473631078,604.640000000000,0.082000000000
1473631173,604.640000000000,0.014400000000
1473631225,605.190000000000,0.026100000000
1473631225,604.640000000000,49.774900000000
1473631228,605.110000000000,1.000000000000
1473631228,605.480000000000,0.030000000000
1473631229,604.950000000000,0.044400000000
1473631242,605.280000000000,5.040000000000
1473631268,606.420000000000,0.047600000000
1473631268,606.160000000000,0.010000000000
1473631388,605.610000000000,49.000000000000
1473631414,605.170000000000,45.000000000000
1473631414,605.490000000000,0.049800000000
1473631415,605.500000000000,19.656100000000
1473631416,605.490000000000,0.049800000000
1473631458,604.870000000000,0.010000000000
1473631458,604.880000000000,0.900000000000
1473631505,605.500000000000,25.343900000000
1473631519,605.830000000000,0.056700000000
1473631549,605.200000000000,0.050300000000
1473631647,605.730000000000,0.028800000000
1473631647,605.740000000000,0.066000000000
1473631932,604.270000000000,0.113600000000
1473631968,604.270000000000,1.426000000000
1473631972,604.270000000000,1.870000000000
1473631989,604.300000000000,0.165000000000
1473631989,604.300000000000,0.165000000000
1473631989,604.300000000000,0.164900000000
1473632025,604.860000000000,0.014600000000
1473632026,604.870000000000,0.045800000000
1473632073,604.400000000000,0.050300000000
1473632074,604.390000000000,4.950000000000
1473632134,604.300000000000,0.010000000000
1473632146,604.260000000000,0.160000000000
1473632146,604.500000000000,0.020800000000
1473632185,604.230000000000,0.041700000000
1473632238,604.230000000000,0.118300000000
1473632251,604.520000000000,0.010600000000
1473632274,604.500000000000,0.049700000000
1473632274,604.490000000000,0.052400000000
1473632277,604.490000000000,0.026800000000
1473632365,604.300000000000,0.130300000000
1473632365,604.290000000000,0.013600000000
1473632457,603.730000000000,0.086300000000
1473632484,604.120000000000,4.800000000000
1473632560,603.850000000000,5.030000000000
1473632561,603.690000000000,0.730000000000
1473632666,604.300000000000,47.869700000000
1473632670,604.520000000000,0.050800000000
1473632676,604.300000000000,0.030000000000
1473632688,604.370000000000,0.040700000000
1473632689,604.320000000000,0.020700000000
1473632691,604.320000000000,0.010600000000
1473632710,604.650000000000,0.052400000000
1473632742,604.480000000000,0.026800000000
1473632742,604.490000000000,0.053900000000
1473633118,604.680000000000,0.013600000000
1473633119,604.940000000000,0.007000000000
1473633148,605.360000000000,0.287800000000
1473633240,605.100000000000,0.057600000000
1473633332,605.290000000000,0.021600000000
1473633490,604.570000000000,0.280600000000
1473633594,605.160000000000,0.668000000000
1473633595,605.140000000000,0.054200000000
1473633595,605.140000000000,1.000000000000
1473633628,604.970000000000,0.617000000000
1473633628,604.980000000000,0.027700000000
1473633629,604.900000000000,0.014100000000
1473633829,605.270000000000,4.930000000000
1473633829,605.290000000000,4.300000000000
1473633904,605.070000000000,0.021600000000
1473633912,605.070000000000,0.040000000000
1473633924,605.380000000000,0.164000000000
1473633925,605.140000000000,0.164000000000
1473633926,605.140000000000,0.164000000000
1473633926,605.140000000000,0.164000000000
1473633927,605.140000000000,0.164000000000
1473633927,605.140000000000,0.164000000000
1473633995,605.390000000000,0.071900000000
1473634087,605.610000000000,0.041700000000
1473634182,605.380000000000,0.172400000000
1473634451,605.100000000000,0.020400000000
1473634466,605.190000000000,0.010400000000
1473634466,605.190000000000,0.191200000000
1473634560,604.720000000000,0.345000000000
1473634622,604.370000000000,0.789300000000
1473634654,605.490000000000,0.175400000000
1473634654,605.490000000000,0.497900000000
1473634664,605.540000000000,0.725000000000
1473634664,605.750000000000,1.000000000000
1473634665,605.800000000000,47.275000000000
1473634665,605.790000000000,1.000000000000
1473634697,604.910000000000,0.500000000000
1473634748,604.910000000000,0.060400000000
1473634839,605.140000000000,0.131000000000
1473634936,605.140000000000,0.133800000000
1473635033,605.140000000000,0.424600000000
1473635313,605.140000000000,0.215800000000
1473635536,605.300000000000,0.143800000000
1473635784,605.130000000000,4.940000000000
1473635784,605.130000000000,0.100000000000
1473635784,605.140000000000,0.052500000000
1473635811,604.990000000000,0.064700000000
1473635904,604.990000000000,0.129400000000
1473636132,605.190000000000,5.000000000000
1473636132,605.300000000000,0.026700000000
1473636132,605.290000000000,5.300000000000
1473636248,605.390000000000,0.050000000000
1473636259,604.940000000000,0.450500000000
1473636276,605.080000000000,0.186900000000
1473636345,605.080000000000,2.000000000000
1473636358,605.080000000000,0.385800000000
1473636366,605.670000000000,0.017300000000
1473636460,605.670000000000,0.028800000000
1473636555,606.080000000000,0.043100000000
1473636555,606.080000000000,0.767200000000
1473636588,605.940000000000,2.425200000000
1473636975,606.070000000000,0.004100000000
1473636976,606.080000000000,0.049700000000
1473636976,606.080000000000,0.040000000000
1473636976,606.090000000000,0.673400000000
1473637035,606.070000000000,0.022500000000
1473637035,606.080000000000,0.453200000000
1473637158,606.100000000000,0.086200000000
1473637377,605.810000000000,0.143600000000
1473637531,606.390000000000,0.430900000000
1473637574,605.770000000000,0.961800000000
1473637575,605.760000000000,0.340000000000
1473637747,606.420000000000,0.041600000000
1473637804,605.760000000000,4.869000000000
1473637805,605.710000000000,0.470000000000
1473637805,605.640000000000,0.800000000000
1473637902,605.660000000000,3.120000000000
1473637903,605.620000000000,1.030000000000
1473637964,605.830000000000,0.017200000000
1473638073,605.890000000000,0.046300000000
1473638216,606.420000000000,0.089000000000
1473638248,606.300000000000,0.096200000000
1473638307,606.420000000000,0.007200000000
1473638359,606.340000000000,0.973000000000
1473638394,606.420000000000,0.064600000000
1473638462,606.500000000000,0.014300000000
1473638519,606.500000000000,0.375700000000
1473638958,606.780000000000,0.034200000000
1473638958,606.790000000000,0.001600000000
1473639039,607.060000000000,3.000000000000
1473639039,606.780000000000,0.017400000000
1473639297,607.100000000000,1.000000000000
1473639342,607.150000000000,1.076000000000
1473639426,606.940000000000,0.690000000000
1473639735,606.920000000000,1.000000000000
1473640176,606.500000000000,1.000000000000
1473640426,606.670000000000,0.742400000000
1473640646,606.730000000000,0.835800000000
1473640803,606.730000000000,0.229400000000
1473640899,606.340000000000,0.223800000000
1473640915,605.980000000000,1.010000000000
1473640915,605.970000000000,5.010000000000
1473640915,606.140000000000,0.920000000000
1473640916,605.930000000000,1.000000000000
1473640916,605.800000000000,0.048900000000
1473640993,606.510000000000,0.175200000000
1473640993,606.500000000000,0.032800000000
1473641372,606.000000000000,56.530100000000
1473641373,606.000000000000,43.469900000000
1473641462,606.290000000000,0.016800000000
1473641463,606.300000000000,0.364700000000
1473641556,606.300000000000,0.057400000000
1473641649,606.300000000000,0.086100000000
1473641871,606.150000000000,0.014400000000
1473642531,606.470000000000,0.047300000000
1473642689,606.110000000000,0.287000000000
1473642785,606.000000000000,0.043000000000
1473642843,605.590000000000,66.000000000000
1473642908,605.750000000000,0.905200000000
1473642972,605.910000000000,0.157100000000
1473643071,605.960000000000,0.021500000000
1473643167,605.970000000000,0.044500000000
1473644235,606.690000000000,0.100000000000
1473644945,606.480000000000,0.057400000000
1473645061,606.230000000000,0.060000000000
1473645067,606.230000000000,0.060000000000
1473645070,606.230000000000,0.060000000000
1473645073,606.230000000000,0.060000000000
1473645075,606.230000000000,0.060000000000
1473645078,606.230000000000,0.060000000000
1473645080,606.230000000000,0.060000000000
1473645083,606.230000000000,0.060000000000
1473645085,606.230000000000,0.060000000000
1473645089,606.230000000000,0.060000000000
1473645092,606.230000000000,0.060000000000
1473645095,606.480000000000,0.060000000000
1473645104,606.470000000000,0.060000000000
1473645107,606.480000000000,0.060000000000
1473645113,606.470000000000,0.050000000000
1473645116,606.470000000000,0.010000000000
1473646242,606.440000000000,3.140000000000
1473646242,606.450000000000,0.854700000000
1473646242,606.430000000000,0.820800000000
1473646242,606.230000000000,0.800000000000
1473646623,606.680000000000,1.016800000000
1473646623,606.500000000000,17.000000000000
1473646623,606.670000000000,0.160000000000
1473646623,606.730000000000,0.160000000000
1473647150,606.890000000000,0.742400000000
1473647371,606.680000000000,0.645700000000
1473647371,606.540000000000,7.950000000000
1473647371,606.650000000000,1.000000000000
1473647372,606.680000000000,5.160000000000
1473647499,606.890000000000,0.047300000000
1473647657,606.900000000000,0.014300000000
1473647784,606.900000000000,49.985700000000
1473647785,607.150000000000,2.250000000000
1473647937,606.860000000000,0.093200000000
1473648091,606.860000000000,0.573500000000
1473648185,606.860000000000,0.109000000000
1473648278,606.860000000000,0.573800000000
1473648434,607.390000000000,0.172100000000
1473648456,606.730000000000,4.960000000000
1473648456,606.730000000000,5.000000000000
1473648456,606.740000000000,0.049200000000
1473648458,606.140000000000,0.090300000000
1473648458,606.150000000000,0.646000000000
1473648458,606.210000000000,7.160000000000
1473648527,606.750000000000,0.530500000000
1473648682,606.690000000000,0.031600000000
1473648898,606.490000000000,0.017200000000
1473648994,606.490000000000,0.373000000000
1473649086,606.500000000000,0.018600000000
1473649365,606.500000000000,0.157900000000
1473649521,606.300000000000,0.215200000000
1473649663,606.300000000000,63.313400000000
1473649664,606.300000000000,16.471400000000
1473649664,606.300000000000,7.357800000000
1473649737,606.850000000000,0.050200000000
1473649961,606.840000000000,0.032600000000
1473649962,606.850000000000,0.079400000000
1473650244,606.590000000000,0.086100000000
1473650396,606.500000000000,0.068900000000
1473650490,606.500000000000,0.142200000000
1473650581,606.500000000000,0.172200000000
1473650581,606.500000000000,36.616700000000
1473650737,606.850000000000,0.028700000000
1473651022,606.850000000000,0.077500000000
1473651112,606.850000000000,0.107600000000
1473651393,606.860000000000,1.107300000000
1473651528,606.610000000000,2.900000000000
1473651613,606.610000000000,0.028700000000
1473652018,606.680000000000,0.030100000000
1473652298,606.580000000000,0.004300000000
1473652516,606.450000000000,0.133600000000
1473652543,606.450000000000,12.742800000000
1473652725,606.400000000000,0.500000000000
1473652752,606.400000000000,0.500000000000
1473652784,606.400000000000,0.400000000000
1473653113,606.640000000000,0.137700000000
1473653553,606.650000000000,0.001400000000
1473653770,606.460000000000,0.070400000000
1473653864,606.460000000000,0.084700000000
1473654585,606.460000000000,0.086200000000
1473654685,606.400000000000,6.000000000000
1473654689,606.400000000000,6.000000000000
1473654707,606.400000000000,0.160000000000
1473654717,606.400000000000,8.000000000000
1473654724,606.400000000000,0.384000000000
1473654726,606.400000000000,0.382000000000
1473654729,606.400000000000,0.480500000000
1473654744,606.460000000000,0.516900000000
1473654838,606.440000000000,0.007200000000
1473654930,606.430000000000,0.034400000000
1473655017,606.420000000000,0.969900000000
1473655017,606.420000000000,0.216100000000
1473655147,606.850000000000,0.057400000000
1473655268,606.450000000000,36.280000000000
1473655426,606.700000000000,0.034400000000
1473656082,606.480000000000,0.229300000000
1473656168,606.480000000000,9.770700000000
1473656168,606.480000000000,47.983500000000
1473656589,606.400000000000,18.320500000000
1473656661,606.390000000000,0.700000000000
1473656716,606.230000000000,1.770000000000
1473656724,606.230000000000,1.000000000000
1473656735,606.230000000000,0.025800000000
1473656768,606.230000000000,1.805000000000
1473656769,606.230000000000,8.599200000000
1473656791,606.480000000000,52.016500000000
1473656838,606.860000000000,0.800000000000
1473656843,606.770000000000,1.000000000000
1473657201,606.860000000000,0.014300000000
1473657548,606.860000000000,0.057300000000
1473657700,606.860000000000,0.034400000000
1473657852,606.860000000000,0.057300000000
1473658129,606.860000000000,0.007200000000
1473658156,606.860000000000,54.478800000000
1473658157,606.860000000000,43.443400000000
1473658162,607.080000000000,7.950000000000
1473658164,607.050000000000,7.950000000000
1473658219,607.000000000000,0.286300000000
1473658283,607.350000000000,0.922000000000
1473658304,607.420000000000,0.333000000000
1473658311,608.000000000000,0.028600000000
1473658401,607.300000000000,0.014300000000
1473658443,607.270000000000,11.720000000000
1473658467,606.880000000000,1.200000000000
1473658467,606.860000000000,0.771000000000
1473658467,606.870000000000,5.070000000000
1473658467,606.870000000000,1.000000000000
1473658495,607.380000000000,5.000000000000
1473658508,607.270000000000,0.041000000000
1473658508,606.860000000000,4.890000000000
1473658509,606.800000000000,0.020900000000
1473658533,607.190000000000,0.047000000000
1473658533,607.200000000000,53.953200000000
1473658546,607.010000000000,0.870000000000
1473658546,606.650000000000,1.000000000000
1473658566,606.680000000000,0.083000000000
1473658598,607.100000000000,3.980000000000
1473658599,606.700000000000,54.000000000000
1473658606,606.820000000000,0.020000000000
1473658606,607.200000000000,52.889800000000
1473658611,607.120000000000,0.100000000000
1473658656,606.820000000000,6.770000000000
1473658673,606.870000000000,0.014200000000
1473658734,607.000000000000,52.534500000000
1473658821,606.630000000000,0.320000000000
1473658821,606.830000000000,0.320000000000
1473658904,606.580000000000,5.000000000000
1473658998,606.700000000000,66.511500000000
1473658998,606.800000000000,2.000000000000
1473659018,606.810000000000,0.063000000000
1473659031,607.000000000000,47.671900000000
1473659031,607.000000000000,4.622500000000
1473659032,606.700000000000,33.488500000000
1473659032,606.540000000000,4.910000000000
1473659330,606.800000000000,52.715000000000
1473659331,606.800000000000,4.613100000000
1473659336,606.420000000000,0.050500000000
1473659336,606.400000000000,1.000000000000
1473659336,606.760000000000,7.940000000000
1473659337,606.770000000000,0.050500000000
1473659337,606.370000000000,3.170000000000
1473659372,606.600000000000,68.221600000000
1473659373,606.600000000000,41.778400000000
1473659427,606.650000000000,0.817000000000
1473659476,607.100000000000,54.721100000000
1473659502,606.710000000000,7.940000000000
1473659503,606.710000000000,0.320000000000
1473659503,606.700000000000,54.000000000000
1473659528,606.750000000000,0.056700000000
1473659528,607.100000000000,54.874100000000
1473659584,606.700000000000,55.000000000000
1473659647,606.670000000000,0.028900000000
1473659647,607.000000000000,54.872200000000
1473659722,606.460000000000,7.900000000000
1473659724,606.480000000000,7.900000000000
1473659734,606.700000000000,53.417800000000
1473659735,606.700000000000,1.114800000000
1473659776,606.610000000000,3.630000000000
1473659776,606.240000000000,0.043000000000
1473659777,606.240000000000,12.170000000000
1473659859,607.470000000000,0.010000000000
1473659872,606.570000000000,0.021900000000
1473659890,606.440000000000,6.143100000000
1473660013,606.700000000000,0.790000000000
1473660013,607.080000000000,0.011200000000
1473660014,606.630000000000,0.790000000000
1473660014,606.690000000000,1.074800000000
1473660015,606.760000000000,0.005700000000
1473660038,606.800000000000,67.006300000000
1473660051,607.100000000000,54.565900000000
1473660052,607.100000000000,12.434100000000
1473660059,606.800000000000,42.993700000000
1473660076,607.100000000000,43.000000000000
1473660099,607.200000000000,1.060000000000
1473660099,607.050000000000,4.000000000000
1473660099,607.020000000000,4.940000000000
1473660099,607.060000000000,1.145100000000
1473660100,606.920000000000,0.980000000000
1473660130,606.800000000000,66.853900000000
1473660148,607.100000000000,54.791300000000
1473660174,606.800000000000,43.146100000000
1473660174,606.800000000000,23.670100000000
1473660175,606.720000000000,0.050000000000
1473660175,606.800000000000,30.329900000000
1473660189,607.100000000000,45.395100000000
1473660189,607.090000000000,0.054800000000
1473660189,607.100000000000,11.208700000000
1473660223,606.800000000000,57.000000000000
1473660235,607.090000000000,0.028000000000
1473660235,607.100000000000,52.604900000000
1473660235,607.100000000000,3.884800000000
1473660274,607.070000000000,0.014300000000
1473660326,607.000000000000,53.115200000000
1473660452,606.490000000000,0.035800000000
1473660485,606.500000000000,66.586100000000
1473660485,606.510000000000,0.050500000000
1473660535,607.220000000000,0.165200000000
1473660547,606.510000000000,0.025800000000
1473660547,606.500000000000,43.413900000000
1473660557,607.000000000000,0.991000000000
1473660557,607.220000000000,0.854800000000
1473660557,606.640000000000,0.044600000000
1473660569,606.890000000000,4.920000000000
1473660594,606.950000000000,4.900000000000
1473660594,606.560000000000,0.022800000000
1473660594,607.000000000000,1.120000000000
1473660595,607.100000000000,51.397400000000
1473660616,606.670000000000,5.050000000000
1473660649,606.480000000000,0.011600000000
1473660661,606.600000000000,51.000000000000
1473660661,606.610000000000,0.051900000000
1473660713,606.550000000000,0.031400000000
1473660748,606.970000000000,5.100000000000
1473660748,607.000000000000,51.938500000000
1473660749,607.000000000000,55.712700000000
1473660749,607.000000000000,1.951400000000
1473660959,606.940000000000,4.970000000000
1473661037,606.470000000000,66.887500000000
1473661068,607.170000000000,4.900000000000
1473661085,607.070000000000,4.970000000000
1473661347,607.050000000000,0.041800000000
1473661578,606.790000000000,1.330000000000
1473661581,606.860000000000,0.584000000000
1473661668,606.860000000000,0.741400000000
1473662257,606.470000000000,33.112500000000
1473662257,606.480000000000,4.980000000000
1473662257,606.490000000000,0.021300000000
1473662736,606.850000000000,0.046900000000
1473662943,607.520000000000,1.100000000000
1473662943,607.530000000000,10.000000000000
1473662944,607.550000000000,0.900000000000
1473663082,607.100000000000,0.033800000000
1473663082,606.700000000000,62.969000000000
1473663155,607.100000000000,58.143000000000
1473663156,607.100000000000,3.857000000000
1473663276,607.160000000000,0.017300000000
1473663355,607.270000000000,6.100000000000
1473663378,607.350000000000,0.200000000000
1473663378,607.080000000000,5.030000000000
1473663446,606.950000000000,0.107400000000
1473663494,606.940000000000,0.160000000000
1473663601,606.950000000000,0.290000000000
1473663643,607.110000000000,0.010000000000
1473663663,607.720000000000,0.024400000000
1473663666,606.900000000000,63.535000000000
1473663678,607.200000000000,58.308200000000
1473663679,607.200000000000,5.691800000000
1473663741,606.900000000000,63.651700000000
1473663780,607.200000000000,58.696000000000
1473663814,607.200000000000,5.304000000000
1473663842,606.980000000000,0.980000000000
1473663860,606.900000000000,63.556700000000
1473663874,607.200000000000,58.759800000000
1473663874,607.200000000000,4.240200000000
1473663889,607.000000000000,0.590000000000
1473663890,606.900000000000,46.443300000000
1473663930,607.190000000000,0.048900000000
1473664025,607.200000000000,47.000000000000
1473664032,607.250000000000,0.032800000000
1473664159,607.000000000000,62.131100000000
1473664202,607.000000000000,47.868900000000
1473664210,607.630000000000,0.041100000000
1473664215,607.130000000000,4.880000000000
1473664261,607.500000000000,60.818300000000
1473664261,607.500000000000,49.181700000000
1473664265,606.890000000000,0.984700000000
1473664265,606.990000000000,0.150000000000
1473664311,606.900000000000,62.550200000000
1473664378,607.500000000000,59.602200000000
1473664449,606.900000000000,47.449800000000
1473664449,606.630000000000,0.920000000000
1473664537,606.840000000000,0.060000000000
1473664538,606.660000000000,0.676900000000
1473664551,607.140000000000,13.200000000000
1473664551,606.440000000000,13.200000000000
1473664604,607.070000000000,0.036800000000
1473664745,606.400000000000,0.060000000000
1473664748,606.380000000000,0.039000000000
1473664790,606.400000000000,1.003000000000
1473664790,606.750000000000,0.080000000000
1473664800,606.820000000000,0.037900000000
1473664801,606.470000000000,0.019300000000
1473664816,606.670000000000,0.047900000000
1473664880,606.610000000000,1.300000000000
1473664880,606.680000000000,0.033300000000
1473664897,606.450000000000,0.040700000000
1473664935,606.400000000000,60.000000000000
1473664941,606.600000000000,50.000000000000
1473665058,606.600000000000,59.816400000000
1473665059,606.600000000000,0.183600000000
1473665094,606.400000000000,59.286100000000
1473665094,606.650000000000,1.800000000000
1473665095,606.400000000000,50.713900000000
1473665121,606.450000000000,0.020000000000
1473665122,606.970000000000,5.000000000000
1473665123,606.880000000000,0.759000000000
1473665169,606.590000000000,5.110000000000
1473665184,606.590000000000,0.011000000000
1473665184,606.700000000000,61.514700000000
1473665185,606.700000000000,48.485300000000
1473665191,606.990000000000,0.100500000000
1473665258,606.490000000000,0.120000000000
1473665258,606.410000000000,0.052200000000
1473665258,606.400000000000,60.760100000000
1473665323,606.410000000000,0.026600000000
1473665323,606.400000000000,49.239900000000
1473665371,606.630000000000,0.044200000000
1473665371,606.800000000000,61.135600000000
1473665495,606.410000000000,0.035200000000
1473665495,606.400000000000,59.890100000000
1473665553,606.700000000000,61.436900000000
1473665553,606.690000000000,0.039800000000
1473665594,606.400000000000,59.061100000000
1473665594,606.400000000000,1.109900000000
1473665621,606.700000000000,47.563100000000
1473665645,606.700000000000,60.000000000000
1473665667,606.400000000000,1.938900000000
1473665760,606.400000000000,61.239800000000
1473665760,606.450000000000,0.037500000000
1473665772,606.700000000000,59.787000000000
1473665789,606.400000000000,46.760200000000
1473665789,606.400000000000,14.410800000000
1473665799,606.700000000000,3.213000000000
1473665799,606.700000000000,56.965400000000
1473665831,606.700000000000,4.034600000000
1473665900,606.530000000000,4.900000000000
1473665925,606.400000000000,16.564500000000
1473665925,606.400000000000,44.589200000000
1473665925,606.410000000000,0.019100000000
1473665974,606.700000000000,30.000000000000
1473665974,606.700000000000,30.922600000000
1473666095,606.400000000000,18.235500000000
1473666095,606.400000000000,43.435500000000
1473666171,606.400000000000,11.764500000000
1473666313,606.410000000000,0.030000000000
1473666335,606.440000000000,0.030000000000
1473666350,606.700000000000,30.077400000000
1473666350,606.700000000000,31.577200000000
1473666350,606.690000000000,0.018600000000
1473666457,606.340000000000,3.270000000000
1473666629,606.500000000000,32.000000000000
1473666687,606.510000000000,0.048300000000
1473666687,606.390000000000,0.030000000000
1473666764,606.300000000000,10.840700000000
1473666783,606.490000000000,0.024600000000
1473666792,606.540000000000,0.012500000000
1473666792,606.330000000000,0.340000000000
1473667596,606.100000000000,30.000000000000
1473667597,606.370000000000,1.035000000000
1473667597,606.320000000000,0.051400000000
1473667726,606.000000000000,63.505500000000
1473667726,606.010000000000,0.031600000000
1473667727,606.000000000000,36.494500000000
1473667730,605.570000000000,0.016100000000
1473667742,605.790000000000,0.020000000000
1473667776,605.970000000000,0.039700000000
1473667776,606.130000000000,10.000000000000
1473667938,606.100000000000,0.020300000000
1473667958,606.110000000000,0.047400000000
1473667965,606.300000000000,0.010000000000
1473667985,606.610000000000,0.750000000000
1473667985,606.700000000000,10.000000000000
1473668424,606.290000000000,0.029100000000
1473668445,606.140000000000,0.042900000000
1473668465,606.280000000000,0.021900000000
1473668503,606.330000000000,0.011200000000
1473669556,605.950000000000,3.850000000000
1473669556,605.860000000000,1.000000000000
1473669556,605.650000000000,0.902000000000
1473669672,605.650000000000,15.910000000000
1473669672,605.640000000000,15.910000000000
1473669673,605.630000000000,0.730000000000
1473669920,606.150000000000,4.280000000000
1473669920,605.870000000000,0.800000000000
1473669920,605.790000000000,5.100000000000
1473669920,606.190000000000,0.052100000000
1473669922,605.870000000000,0.026500000000
1473669923,605.870000000000,0.010000000000
1473670221,606.090000000000,5.010000000000
1473670221,606.090000000000,3.000000000000
1473670283,605.900000000000,0.080000000000
1473670843,605.140000000000,1.008000000000
1473670866,605.000000000000,84.920000000000
1473670866,605.020000000000,0.080000000000
1473671154,605.100000000000,0.882400000000
1473671212,605.000000000000,1.000000000000
1473671224,605.000000000000,2.142000000000
1473671228,605.000000000000,2.300000000000
1473671234,605.000000000000,2.000000000000
1473671255,605.110000000000,0.303900000000
1473671255,605.100000000000,0.049100000000
1473671342,605.000000000000,7.638000000000
1473671399,604.250000000000,0.032800000000
1473671399,604.240000000000,1.080000000000
1473671425,604.520000000000,0.793600000000
1473671446,604.400000000000,20.000000000000
1473671446,604.990000000000,9.300000000000
1473671447,605.070000000000,0.041100000000
1473671604,605.110000000000,2.696100000000
1473671702,604.790000000000,4.010000000000
1473671773,604.240000000000,0.800000000000
1473671773,604.120000000000,1.000000000000
1473671773,604.110000000000,0.380000000000
1473671773,604.000000000000,0.940000000000
1473671960,604.420000000000,62.470000000000
1473671960,604.420000000000,37.530000000000
1473671962,604.970000000000,10.000000000000
1473672080,604.780000000000,1.000000000000
1473672215,605.500000000000,4.500000000000
1473672239,605.420000000000,4.950000000000
1473672239,605.690000000000,0.036800000000
1473672412,605.610000000000,5.000000000000
1473672464,605.770000000000,0.400000000000
1473672464,605.430000000000,5.070000000000
1473672496,605.500000000000,5.100000000000
1473672564,605.410000000000,4.930000000000
1473673217,605.220000000000,0.180000000000
1473673220,605.200000000000,0.039000000000
1473673266,605.220000000000,0.990000000000
1473673564,604.380000000000,2.880000000000
1473673637,604.620000000000,0.019900000000
1473673654,604.610000000000,0.770000000000
1473673704,604.550000000000,0.010000000000
1473673947,603.920000000000,0.860000000000
1473673947,603.960000000000,1.009000000000
1473673947,604.210000000000,0.910000000000
1473674021,604.030000000000,3.470000000000
1473674143,603.750000000000,0.237700000000
1473674220,604.210000000000,4.800000000000
1473674405,604.260000000000,1.200000000000
1473674405,604.000000000000,4.920000000000
1473674476,604.340000000000,5.000000000000
1473674499,604.350000000000,15.000000000000
1473674595,604.310000000000,0.100000000000
1473674595,603.970000000000,4.920000000000
1473674990,604.400000000000,15.000000000000
1473674990,604.420000000000,44.824500000000
1473674993,603.880000000000,0.620000000000
1473675114,604.010000000000,0.520000000000
1473675125,604.420000000000,55.175500000000
1473675132,604.110000000000,0.985000000000
1473675132,604.190000000000,0.052600000000
1473675132,603.870000000000,0.835000000000
1473675133,603.870000000000,0.026800000000
1473675166,604.270000000000,0.013700000000
1473675288,604.160000000000,0.010000000000
1473675368,603.420000000000,1.000000000000
1473675368,603.620000000000,0.768100000000
1473675369,603.320000000000,6.980000000000
1473675377,603.430000000000,0.050900000000
1473675930,604.740000000000,0.017300000000
1473676652,604.500000000000,0.489500000000
1473677174,604.400000000000,1.430500000000
1473677182,604.400000000000,0.017300000000
1473677336,604.400000000000,0.028800000000
1473677460,604.400000000000,2.000000000000
1473677460,604.400000000000,11.620900000000
1473677551,604.490000000000,0.115100000000
1473677623,604.500000000000,15.769500000000
1473677623,604.490000000000,10.630000000000
1473677705,604.890000000000,0.196300000000
1473678089,604.600000000000,20.000000000000
1473678245,604.350000000000,5.020000000000
1473678245,604.360000000000,0.039800000000
1473678248,604.150000000000,0.020300000000
1473678375,604.660000000000,3.100000000000
1473678604,604.550000000000,5.070000000000
1473679198,604.660000000000,0.046900000000
1473680012,605.000000000000,8.000000000000
1473680456,604.610000000000,0.023900000000
1473680489,604.360000000000,5.010000000000
1473680519,604.530000000000,0.082400000000
1473680562,604.520000000000,0.001100000000
1473680611,604.530000000000,0.046500000000
1473680611,604.520000000000,0.011100000000
1473680647,604.760000000000,5.000000000000
1473680712,605.000000000000,10.000000000000
1473680811,605.150000000000,0.800000000000
1473680835,604.540000000000,65.486100000000
1473680896,604.680000000000,5.120000000000
1473680896,604.690000000000,0.051000000000
1473680928,604.800000000000,56.803500000000
1473680929,604.800000000000,8.196500000000
1473680929,605.050000000000,2.100000000000
1473680944,604.540000000000,1.980000000000
1473680944,604.540000000000,44.513900000000
1473680944,604.550000000000,0.026000000000
1473680972,604.700000000000,0.044000000000
1473680972,604.900000000000,4.700000000000
1473681065,605.210000000000,0.100000000000
1473681065,604.650000000000,0.034800000000
1473681066,604.500000000000,64.860400000000
1473681077,605.090000000000,0.039400000000
1473681077,605.100000000000,45.000000000000
1473681115,605.390000000000,1.103000000000
1473681141,605.100000000000,56.589200000000
1473681141,605.090000000000,0.020100000000
1473681256,604.980000000000,8.224300000000
1473681256,604.990000000000,0.046900000000
1473681388,605.130000000000,0.023900000000
1473681605,605.230000000000,0.012200000000
1473681622,605.170000000000,0.051000000000
1473681643,605.180000000000,0.031200000000
1473681703,605.090000000000,0.041300000000
1473682026,605.430000000000,0.036200000000
1473682027,605.020000000000,0.018400000000
1473682108,605.010000000000,0.047800000000
1473682108,605.020000000000,0.015500000000
1473682317,604.830000000000,1.000000000000
1473682317,604.580000000000,0.700000000000
1473682318,604.360000000000,0.494800000000
1473682318,604.410000000000,5.020000000000
1473682318,604.420000000000,1.000000000000
1473682432,605.000000000000,9.000000000000
1473682432,604.980000000000,0.024400000000
1473682432,604.990000000000,5.100000000000
1473682434,605.080000000000,0.012400000000
1473683238,605.020000000000,0.050900000000
1473683272,604.930000000000,0.031300000000
1473684607,605.300000000000,2.780000000000
1473685428,605.680000000000,0.015900000000
1473685428,605.690000000000,0.984100000000
1473685435,605.690000000000,1.000000000000
1473685439,605.810000000000,1.000000000000
1473685541,605.410000000000,0.650000000000
1473687196,605.010000000000,0.020100000000
1473687251,605.010000000000,40.979900000000
1473687396,605.010000000000,0.049100000000
1473687396,605.000000000000,13.000000000000
1473687399,604.890000000000,0.025000000000
1473687633,604.990000000000,0.036000000000
1473687727,605.000000000000,0.026000000000
1473687727,604.990000000000,0.020000000000
1473687945,604.890000000000,0.213100000000
1473687945,604.880000000000,0.017000000000
1473688044,605.000000000000,0.043100000000
