1502959726,4373.000000000000,0.028700000000
1502959764,4369.110000000000,0.100000000000
1502959764,4370.250000000000,1.000000000000
1502959809,4365.000000000000,1.778000000000
1502959810,4365.000000000000,1.428500000000
1502959810,4365.000000000000,1.793500000000
1502959973,4363.810000000000,0.000100000000
1502959973,4363.810000000000,1.020200000000
1502960052,4363.500000000000,1.000000000000
1502960053,4362.860000000000,0.200000000000
1502960405,4362.840000000000,0.200000000000
1502960476,4361.810000000000,0.191400000000
1502960476,4361.920000000000,0.100000000000
1502960664,4362.000000000000,2.028700000000
1502960699,4362.460000000000,0.700000000000
1502960699,4362.410000000000,0.100000000000
1502960715,4362.520000000000,1.693600000000
1502960715,4363.230000000000,0.100000000000
1502960824,4366.330000000000,0.200000000000
1502960844,4369.610000000000,1.900000000000
1502960844,4369.570000000000,0.100000000000
1502961198,4371.710000000000,1.100000000000
1502961306,4369.490000000000,0.037300000000
1502961376,4373.000000000000,2.518700000000
1502961376,4373.000000000000,3.657900000000
1502961376,4373.000000000000,3.133100000000
1502961416,4373.000000000000,0.198600000000
1502961424,4374.690000000000,0.200000000000
1502961433,4377.000000000000,0.100000000000
1502961467,4381.440000000000,0.000100000000
1502961653,4388.230000000000,0.051500000000
1502961711,4390.070000000000,0.017100000000
1502961711,4390.070000000000,0.005700000000
1502961746,4390.070000000000,0.022300000000
1502961810,4391.250000000000,0.052100000000
1502961889,4393.050000000000,0.078100000000
1502961990,4400.000000000000,0.005500000000
1502961994,4400.000000000000,2.194300000000
1502961999,4400.000000000000,2.172900000000
1502962024,4400.000000000000,3.106400000000
1502962034,4400.000000000000,3.520900000000
1502962035,4403.000000000000,1.479100000000
1502962128,4403.000000000000,0.158300000000
1502962188,4408.290000000000,0.005600000000
1502962188,4408.290000000000,0.078000000000
1502962198,4408.280000000000,1.731700000000
1502962199,4408.280000000000,2.417800000000
1502962199,4408.280000000000,0.850500000000
1502962200,4408.280000000000,2.806900000000
1502962200,4408.280000000000,1.664200000000
1502962200,4408.280000000000,0.528900000000
1502962201,4408.230000000000,1.425700000000
1502962243,4409.860000000000,0.017000000000
1502962297,4413.940000000000,0.025000000000
1502962336,4415.000000000000,0.012500000000
1502962353,4417.810000000000,0.014000000000
1502962398,4421.050000000000,0.015000000000
1502962402,4421.050000000000,0.016000000000
1502962406,4421.050000000000,0.017000000000
1502962410,4421.050000000000,0.017000000000
1502962417,4422.640000000000,0.016000000000
1502962422,4422.640000000000,0.026000000000
1502962427,4425.060000000000,0.002800000000
1502962430,4425.060000000000,0.023000000000
1502962436,4425.060000000000,0.011000000000
1502962448,4426.740000000000,0.265000000000
1502962449,4426.940000000000,0.000100000000
1502962468,4435.000000000000,0.012500000000
1502962529,4439.690000000000,0.033300000000
1502962530,4439.690000000000,0.012800000000
1502962545,4442.070000000000,0.030000000000
1502962551,4442.170000000000,0.153300000000
1502962560,4443.000000000000,0.100000000000
1502962560,4444.720000000000,0.000100000000
1502962561,4445.650000000000,0.083600000000
1502962575,4445.650000000000,0.031000000000
1502962596,4443.860000000000,1.638800000000
1502962623,4445.750000000000,0.000100000000
1502962624,4443.860000000000,2.246000000000
1502962625,4436.060000000000,0.100000000000
1502962684,4430.740000000000,1.700000000000
1502962713,4433.950000000000,0.077100000000
1502962713,4433.950000000000,0.056600000000
1502962757,4428.580000000000,2.260000000000
1502962761,4427.610000000000,2.258000000000
1502962955,4442.120000000000,1.821000000000
1502962981,4442.860000000000,1.483300000000
1502962982,4442.860000000000,0.767700000000
1502962993,4443.450000000000,2.248000000000
1502963013,4440.710000000000,0.011100000000
1502963059,4438.310000000000,2.254000000000
1502963066,4439.780000000000,0.900000000000
1502963108,4437.910000000000,0.100000000000
1502963108,4438.070000000000,2.257000000000
1502963140,4438.900000000000,0.100000000000
1502963182,4435.000000000000,0.025700000000
1502963183,4435.000000000000,1.544300000000
1502963266,4444.740000000000,0.048500000000
1502963407,4441.470000000000,0.056300000000
1502963416,4439.340000000000,0.066200000000
1502963419,4439.340000000000,0.028200000000
1502963432,4437.810000000000,0.028000000000
1502963434,4441.130000000000,0.002500000000
1502963828,4444.320000000000,1.036800000000
1502963893,4449.440000000000,1.252800000000
1502963924,4450.000000000000,0.012500000000
1502963924,4450.100000000000,0.500000000000
1502963924,4450.140000000000,1.000000000000
1502963999,4453.270000000000,0.006400000000
1502964062,4456.900000000000,0.038600000000
1502964062,4456.900000000000,0.002800000000
1502964070,4453.770000000000,0.100000000000
1502964123,4443.370000000000,0.037300000000
1502964124,4443.370000000000,0.025900000000
1502964239,4442.230000000000,0.056400000000
1502964305,4441.800000000000,0.056600000000
1502964657,4436.470000000000,0.066100000000
1502964660,4436.470000000000,0.028200000000
1502964987,4443.690000000000,0.028200000000
1502965036,4443.680000000000,0.005100000000
1502965048,4443.680000000000,0.994900000000
1502965050,4444.430000000000,1.000000000000
1502965211,4448.560000000000,2.717200000000
1502965235,4438.190000000000,2.091500000000
1502965240,4438.190000000000,0.408500000000
1502965247,4431.190000000000,1.923700000000
1502965247,4431.190000000000,0.576300000000
1502965258,4421.980000000000,0.018000000000
1502965281,4419.950000000000,2.980200000000
1502965282,4419.950000000000,0.931800000000
1502965283,4420.000000000000,2.217700000000
1502965283,4420.000000000000,2.637400000000
1502965283,4420.000000000000,2.323700000000
1502965283,4420.000000000000,2.821200000000
1502965505,4428.540000000000,0.000100000000
1502965556,4428.540000000000,0.999900000000
1502965556,4428.540000000000,0.050000000000
1502965586,4428.850000000000,0.441000000000
1502965695,4432.000000000000,2.256800000000
1502965695,4432.000000000000,0.066400000000
1502965809,4426.500000000000,0.028900000000
1502965940,4432.000000000000,2.678100000000
1502965940,4432.000000000000,3.438900000000
1502965941,4432.000000000000,1.559800000000
1502965941,4432.000000000000,0.625100000000
1502965941,4432.000000000000,2.475600000000
1502965941,4432.000000000000,1.899300000000
1502965947,4432.670000000000,1.987900000000
1502965948,4431.690000000000,2.110400000000
1502965949,4431.690000000000,0.147600000000
1502965950,4431.120000000000,0.139000000000
1502966002,4438.680000000000,0.077400000000
1502966069,4442.290000000000,2.251000000000
1502966069,4439.900000000000,0.026000000000
1502966076,4439.220000000000,0.026000000000
1502966141,4439.220000000000,0.003900000000
1502966148,4439.220000000000,0.065100000000
1502966149,4443.620000000000,2.252000000000
1502966194,4446.190000000000,0.012800000000
1502966224,4442.650000000000,0.200000000000
1502966224,4442.650000000000,0.200000000000
1502966232,4446.190000000000,0.009800000000
1502966233,4446.230000000000,0.990200000000
1502966273,4442.650000000000,1.619400000000
1502966274,4442.650000000000,0.633600000000
1502966284,4436.580000000000,0.200000000000
1502966343,4442.980000000000,0.200000000000
1502966387,4441.730000000000,2.253000000000
1502966441,4446.730000000000,0.005100000000
1502966458,4446.730000000000,0.022000000000
1502966483,4442.200000000000,0.200000000000
1502966489,4441.980000000000,2.255000000000
1502966514,4441.830000000000,1.892700000000
1502966515,4441.830000000000,0.359300000000
1502966524,4442.910000000000,0.200000000000
1502966525,4446.540000000000,0.005600000000
1502966576,4441.730000000000,0.028300000000
1502966584,4439.070000000000,0.200000000000
1502966606,4441.730000000000,0.012800000000
1502966606,4441.730000000000,0.047500000000
1502966608,4439.070000000000,0.093000000000
1502966661,4443.120000000000,0.009000000000
1502966686,4446.250000000000,0.025600000000
1502966784,4448.980000000000,0.074400000000
1502966784,4449.100000000000,1.000000000000
1502966790,4451.000000000000,0.025600000000
1502966791,4450.920000000000,2.244000000000
1502966802,4449.960000000000,0.009000000000
1502966822,4450.950000000000,0.049000000000
1502966824,4447.760000000000,0.200000000000
1502966833,4452.260000000000,2.241000000000
1502966866,4454.970000000000,0.025600000000
1502966884,4452.900000000000,0.200000000000
1502966903,4457.640000000000,0.025600000000
1502966903,4457.700000000000,0.030800000000
1502966904,4454.080000000000,0.009000000000
1502966944,4455.740000000000,0.200000000000
1502966945,4458.930000000000,0.025500000000
1502966960,4458.260000000000,0.009000000000
1502966960,4458.260000000000,0.016600000000
1502966966,4458.310000000000,0.056200000000
1502966968,4454.650000000000,2.242000000000
1502966968,4454.750000000000,0.009000000000
1502966968,4454.750000000000,0.091000000000
1502967005,4453.970000000000,1.987800000000
1502967006,4453.970000000000,0.257200000000
1502967035,4453.350000000000,0.015700000000
1502967047,4451.010000000000,0.093000000000
1502967076,4451.020000000000,0.093000000000
1502967126,4456.720000000000,0.056200000000
1502967127,4456.720000000000,0.076900000000
1502967140,4453.810000000000,0.076900000000
1502967140,4451.790000000000,0.084000000000
1502967141,4453.810000000000,0.053300000000
1502967184,4450.970000000000,0.200000000000
1502967223,4454.520000000000,0.093000000000
1502967224,4457.540000000000,0.100000000000
1502967224,4457.570000000000,2.238100000000
1502967225,4457.570000000000,0.000900000000
1502967238,4457.940000000000,0.093000000000
1502967244,4457.940000000000,0.007000000000
1502967245,4457.830000000000,0.193000000000
1502967247,4457.830000000000,2.048000000000
1502967252,4453.350000000000,0.084000000000
1502967304,4452.650000000000,0.200000000000
1502967309,4457.680000000000,2.240000000000
1502967326,4457.720000000000,1.718200000000
1502967327,4457.720000000000,0.523800000000
1502967377,4459.060000000000,2.241000000000
1502967389,4457.870000000000,0.056200000000
1502967407,4455.920000000000,2.246000000000
1502967415,4451.820000000000,0.093000000000
1502967419,4458.010000000000,2.247000000000
1502967424,4452.670000000000,2.244000000000
1502967432,4453.420000000000,2.244000000000
1502967434,4457.300000000000,0.200000000000
1502967449,4461.070000000000,0.076700000000
1502967470,4460.160000000000,0.076600000000
1502967482,4456.480000000000,1.643500000000
1502967483,4456.480000000000,0.600500000000
1502967543,4451.800000000000,0.200000000000
1502967576,4455.610000000000,2.244000000000
1502967603,4454.690000000000,2.246000000000
1502967604,4455.620000000000,0.200000000000
1502967614,4454.190000000000,2.245000000000
1502967664,4457.090000000000,0.200000000000
1502967904,4451.880000000000,0.100000000000
1502967904,4451.950000000000,0.100000000000
1502967919,4454.230000000000,1.962300000000
1502967919,4455.800000000000,2.247000000000
1502967919,4456.060000000000,0.285700000000
1502967964,4450.350000000000,0.200000000000
1502968009,4451.040000000000,2.248000000000
1502968009,4451.090000000000,0.100000000000
1502968025,4453.970000000000,0.200000000000
1502968062,4457.600000000000,0.200000000000
1502968074,4461.440000000000,0.005600000000
1502968264,4459.600000000000,0.200000000000
1502968325,4460.380000000000,0.200000000000
1502968333,4465.000000000000,0.012500000000
1502968384,4467.330000000000,0.200000000000
1502968435,4475.310000000000,0.013700000000
1502968525,4475.390000000000,2.231000000000
1502968561,4475.770000000000,0.200000000000
1502968625,4471.790000000000,0.200000000000
1502968684,4473.640000000000,0.200000000000
1502968706,4471.180000000000,2.000000000000
1502968744,4464.690000000000,0.200000000000
1502968795,4465.980000000000,0.033100000000
1502968831,4458.760000000000,2.247000000000
1502968872,4459.200000000000,0.100000000000
1502968873,4459.210000000000,2.058000000000
1502968963,4450.860000000000,0.078500000000
1502968984,4449.110000000000,0.200000000000
1502969062,4455.180000000000,2.246000000000
1502969063,4451.990000000000,0.438000000000
1502969078,4456.520000000000,2.248000000000
1502969081,4460.740000000000,0.076700000000
1502969161,4452.660000000000,0.004500000000
1502969164,4449.360000000000,0.200000000000
1502969332,4454.170000000000,0.029700000000
1502969334,4454.080000000000,0.100000000000
1502969335,4454.170000000000,2.218300000000
1502969398,4458.780000000000,0.004500000000
1502969404,4455.510000000000,0.200000000000
1502969465,4454.760000000000,0.200000000000
1502969490,4454.810000000000,2.163700000000
1502969491,4454.810000000000,0.083300000000
1502969523,4453.800000000000,0.023000000000
1502969524,4452.590000000000,0.177000000000
1502969550,4455.880000000000,0.082500000000
1502969691,4450.400000000000,2.253000000000
1502969714,4445.420000000000,0.003000000000
1502969720,4449.370000000000,0.100000000000
1502969739,4446.110000000000,0.003900000000
1502969759,4446.110000000000,0.002500000000
1502969765,4442.310000000000,0.100000000000
1502969766,4442.120000000000,0.100000000000
1502969823,4446.600000000000,0.200000000000
1502969871,4438.720000000000,2.256000000000
1502969871,4439.000000000000,0.193600000000
1502969883,4437.540000000000,2.256000000000
1502969884,4434.360000000000,0.200000000000
1502969889,4438.170000000000,2.716700000000
1502969889,4438.170000000000,2.031500000000
1502969889,4438.170000000000,2.964800000000
1502969890,4438.170000000000,2.202300000000
1502969917,4441.480000000000,0.001900000000
1502969934,4441.470000000000,0.100000000000
1502969945,4444.840000000000,0.076800000000
1502969950,4444.840000000000,0.002300000000
1502969957,4447.590000000000,0.068900000000
1502969970,4445.660000000000,0.100000000000
1502969977,4442.730000000000,2.254000000000
1502970013,4443.560000000000,0.031100000000
1502970023,4450.720000000000,0.012000000000
1502970184,4449.560000000000,0.200000000000
1502970244,4450.850000000000,0.200000000000
1502970304,4450.950000000000,0.100000000000
1502970305,4450.850000000000,0.100000000000
1502970363,4446.750000000000,0.200000000000
1502970373,4445.050000000000,2.252000000000
1502970572,4438.170000000000,0.200000000000
1502970604,4432.090000000000,0.200000000000
1502970664,4430.900000000000,0.022600000000
1502970664,4429.520000000000,0.177400000000
1502970724,4429.510000000000,0.200000000000
1502970850,4435.940000000000,0.019700000000
1502970963,4432.410000000000,0.200000000000
1502971012,4433.220000000000,0.005500000000
1502971024,4432.410000000000,0.200000000000
1502971029,4432.410000000000,0.600000000000
1502971085,4423.010000000000,0.200000000000
1502971324,4425.440000000000,0.200000000000
1502971367,4433.940000000000,0.250000000000
1502971384,4437.660000000000,2.054000000000
1502971384,4437.660000000000,0.200000000000
1502971388,4434.010000000000,0.341000000000
1502971421,4439.180000000000,0.056700000000
1502971444,4436.290000000000,0.200000000000
1502971448,4440.110000000000,0.028400000000
1502971481,4431.210000000000,2.259000000000
1502971568,4428.080000000000,0.056600000000
1502971577,4429.750000000000,1.500000000000
1502971604,4428.550000000000,2.256000000000
1502971607,4425.000000000000,0.909200000000
1502971684,4432.270000000000,0.200000000000
1502971739,4431.980000000000,2.218900000000
1502971744,4431.050000000000,0.200000000000
1502971804,4431.010000000000,0.200000000000
1502971847,4431.670000000000,0.028400000000
1502971879,4434.830000000000,0.010200000000
1502971896,4428.200000000000,1.877300000000
1502971897,4428.200000000000,0.380700000000
1502971915,4431.650000000000,0.005600000000
1502971987,4431.650000000000,0.015400000000
1502972045,4425.140000000000,0.200000000000
1502972092,4427.560000000000,2.259000000000
1502972103,4421.350000000000,0.200000000000
1502972128,4432.040000000000,0.002500000000
1502972163,4431.250000000000,0.002500000000
1502972164,4431.150000000000,0.197500000000
1502972231,4431.380000000000,0.025700000000
1502972258,4431.560000000000,0.028200000000
1502972323,4429.640000000000,0.028200000000
1502972353,4431.380000000000,0.038500000000
1502972404,4425.760000000000,0.200000000000
1502972420,4424.760000000000,0.001900000000
1502972425,4424.710000000000,2.261000000000
1502972426,4426.810000000000,0.100000000000
1502972464,4426.070000000000,0.200000000000
1502972468,4429.240000000000,0.000600000000
1502972473,4428.000000000000,0.025700000000
1502972491,4427.920000000000,0.016900000000
1502972524,4424.350000000000,0.200000000000
1502972587,4426.000000000000,2.289800000000
1502972588,4423.820000000000,2.684500000000
1502972704,4424.850000000000,2.262000000000
1502972763,4424.960000000000,0.200000000000
1502972815,4424.960000000000,2.260000000000
1502972821,4424.660000000000,0.060600000000
1502972823,4424.660000000000,0.200000000000
1502972829,4424.000000000000,0.060600000000
1502972829,4427.240000000000,0.155100000000
1502972835,4424.000000000000,0.060600000000
1502972836,4427.240000000000,0.155100000000
1502972840,4424.000000000000,0.060600000000
1502972841,4427.240000000000,1.950800000000
1502972841,4427.150000000000,0.100000000000
1502972842,4429.000000000000,0.091500000000
1502972842,4427.290000000000,2.797100000000
1502972883,4423.440000000000,0.100000000000
1502972884,4422.170000000000,0.100000000000
1502972904,4424.000000000000,1.333000000000
1502972905,4425.390000000000,0.100000000000
1502972905,4425.510000000000,0.302000000000
1502972905,4425.410000000000,2.265000000000
1502972980,4421.080000000000,0.100000000000
1502972980,4421.000000000000,0.062000000000
1502973010,4421.000000000000,2.204200000000
1502973010,4421.000000000000,2.445200000000
1502973010,4421.000000000000,0.288600000000
1502973011,4418.100000000000,0.100000000000
1502973011,4418.000000000000,1.306900000000
1502973064,4418.000000000000,0.200000000000
1502973066,4418.600000000000,0.100000000000
1502973081,4418.820000000000,0.002500000000
1502973123,4418.930000000000,0.100000000000
1502973124,4418.840000000000,0.100000000000
1502973269,4422.590000000000,0.100000000000
1502973269,4422.670000000000,1.760300000000
1502973269,4422.670000000000,2.930000000000
1502973269,4422.670000000000,2.046400000000
1502973324,4420.200000000000,1.250000000000
1502973343,4419.120000000000,0.100000000000
1502973364,4418.000000000000,0.200000000000
1502973366,4418.000000000000,2.565400000000
1502973366,4418.000000000000,0.727700000000
1502973424,4417.740000000000,0.200000000000
1502973431,4420.110000000000,0.006400000000
1502973483,4415.960000000000,0.006400000000
1502973484,4415.930000000000,0.193600000000
1502973714,4418.850000000000,0.013900000000
1502973726,4412.290000000000,0.200000000000
1502973728,4415.920000000000,2.266000000000
1502973784,4415.370000000000,0.200000000000
1502973845,4414.810000000000,0.200000000000
1502973847,4417.700000000000,0.002300000000
1502974072,4417.140000000000,0.083800000000
1502974072,4417.230000000000,1.166200000000
1502974134,4420.000000000000,0.162000000000
1502974149,4420.000000000000,2.291400000000
1502974150,4420.000000000000,2.031200000000
1502974150,4420.000000000000,2.525800000000
1502974164,4420.000000000000,2.576300000000
1502974165,4420.000000000000,0.413300000000
1502974231,4422.670000000000,0.021100000000
1502974247,4422.670000000000,0.008300000000
1502974253,4422.670000000000,1.233900000000
1502974259,4425.030000000000,2.483600000000
1502974276,4426.330000000000,0.005100000000
1502974345,4425.340000000000,0.002500000000
1502974378,4424.360000000000,0.005000000000
1502974434,4417.650000000000,2.932800000000
1502974435,4419.110000000000,2.727900000000
1502974435,4419.110000000000,2.816200000000
1502974435,4419.110000000000,1.966900000000
1502974436,4419.110000000000,2.739800000000
1502974436,4419.110000000000,3.042500000000
1502974436,4419.110000000000,1.901700000000
1502974451,4419.110000000000,2.311000000000
1502974451,4419.110000000000,2.161200000000
1502974459,4416.760000000000,2.771700000000
1502974459,4416.760000000000,0.067100000000
1502974460,4418.570000000000,2.500000000000
1502974516,4418.780000000000,0.024100000000
1502974544,4423.310000000000,0.040200000000
1502974656,4427.110000000000,0.056600000000
1502974805,4429.210000000000,0.200000000000
1502974865,4428.010000000000,0.200000000000
1502974924,4429.460000000000,0.200000000000
1502975079,4433.510000000000,2.500000000000
1502975089,4429.620000000000,2.307000000000
1502975090,4427.910000000000,2.637700000000
1502975090,4427.910000000000,0.055300000000
1502975125,4431.880000000000,0.077200000000
1502975164,4434.400000000000,0.200000000000
1502975226,4428.400000000000,0.200000000000
1502975248,4433.810000000000,0.057400000000
1502975284,4430.530000000000,0.200000000000
1502975344,4430.460000000000,0.006400000000
1502975372,4434.500000000000,0.025600000000
1502975420,4431.000000000000,2.273100000000
1502975420,4431.000000000000,0.226900000000
1502975443,4427.180000000000,2.300000000000
1502975689,4429.200000000000,0.056600000000
1502975689,4430.620000000000,0.800000000000
1502975750,4430.740000000000,1.000000000000
1502975802,4431.940000000000,0.025700000000
1502975839,4433.560000000000,0.534500000000
1502975839,4434.080000000000,2.255000000000
1502975839,4433.560000000000,0.565500000000
1502975853,4433.360000000000,0.003000000000
1502975882,4436.000000000000,0.028300000000
1502975935,4436.000000000000,0.971700000000
1502975935,4436.560000000000,1.179000000000
1502975936,4436.560000000000,0.036400000000
1502976144,4429.220000000000,0.028200000000
1502976281,4431.800000000000,2.258000000000
1502976435,4435.810000000000,0.010100000000
1502976651,4440.000000000000,0.005900000000
1502976664,4438.050000000000,0.200000000000
1502976715,4440.000000000000,0.008100000000
1502976720,4440.000000000000,0.010400000000
1502976770,4440.000000000000,0.006800000000
1502976883,4439.340000000000,0.017000000000
1502976958,4440.000000000000,0.005900000000
1502977012,4440.000000000000,0.093400000000
1502977013,4441.760000000000,2.251000000000
1502977141,4443.590000000000,1.319000000000
1502977161,4444.840000000000,2.000000000000
1502977368,4447.000000000000,2.500000000000
1502977369,4449.220000000000,0.002800000000
1502977683,4450.100000000000,0.250000000000
1502977988,4457.000000000000,0.001400000000
1502977993,4457.000000000000,0.027000000000
1502978258,4460.100000000000,1.000000000000
1502978468,4469.810000000000,0.003400000000
1502978539,4471.660000000000,0.014700000000
1502978561,4469.820000000000,0.080800000000
1502978630,4469.810000000000,0.000900000000
1502978648,4469.540000000000,0.014700000000
1502978702,4472.220000000000,0.005200000000
1502978730,4465.080000000000,0.076300000000
1502978732,4463.630000000000,2.500000000000
1502978760,4455.840000000000,1.000000000000
1502978764,4452.100000000000,0.200000000000
1502978792,4455.530000000000,0.005900000000
1502978801,4453.650000000000,0.045800000000
1502978811,4455.530000000000,2.240100000000
1502978824,4457.700000000000,0.200000000000
1502978829,4457.750000000000,0.518400000000
1502978829,4457.750000000000,1.726600000000
1502978884,4457.220000000000,0.200000000000
1502978900,4458.820000000000,0.008600000000
1502978906,4456.940000000000,0.004200000000
1502978907,4456.890000000000,0.010300000000
1502978922,4455.490000000000,2.244000000000
1502978944,4449.630000000000,0.200000000000
1502979002,4453.310000000000,1.898900000000
1502979004,4453.310000000000,0.200000000000
1502979063,4448.050000000000,2.251000000000
1502979063,4446.570000000000,2.749000000000
1502979064,4449.670000000000,0.200000000000
1502979115,4439.230000000000,2.500000000000
1502979118,4439.230000000000,0.006600000000
1502979124,4439.220000000000,0.200000000000
1502979184,4439.340000000000,0.200000000000
1502979244,4437.210000000000,0.200000000000
1502979286,4442.490000000000,0.057000000000
1502979291,4447.320000000000,2.500000000000
1502979291,4447.000000000000,0.048500000000
1502979340,4449.180000000000,2.250000000000
1502979364,4441.050000000000,0.200000000000
1502979371,4444.370000000000,0.028200000000
1502979375,4444.370000000000,0.971800000000
1502979424,4455.580000000000,0.200000000000
1502979512,4452.120000000000,2.070200000000
1502979513,4452.410000000000,0.174800000000
1502979540,4453.490000000000,0.020200000000
1502979579,4459.520000000000,0.006600000000
1502979686,4462.760000000000,0.446700000000
1502979686,4462.760000000000,1.794300000000
1502979707,4461.970000000000,0.001800000000
1502979723,4462.080000000000,2.000000000000
1502979805,4457.030000000000,0.001300000000
1502979815,4457.030000000000,0.020600000000
1502979819,4457.030000000000,2.164600000000
1502979820,4457.030000000000,0.057500000000
1502979857,4457.530000000000,2.243000000000
1502979861,4456.560000000000,2.243000000000
1502979865,4460.440000000000,0.002900000000
1502979927,4458.460000000000,0.056300000000
1502979954,4458.510000000000,0.003700000000
1502979960,4455.310000000000,2.242000000000
1502979963,4455.190000000000,0.076800000000
1502979965,4451.860000000000,0.200000000000
1502980023,4457.160000000000,0.056300000000
1502980025,4453.330000000000,0.200000000000
1502980027,4454.080000000000,0.015300000000
1502980084,4454.520000000000,0.200000000000
1502980168,4461.680000000000,0.005600000000
1502980177,4461.680000000000,0.076900000000
1502980210,4463.190000000000,0.002500000000
1502980213,4463.140000000000,0.076800000000
1502980252,4461.870000000000,0.049300000000
1502980275,4465.320000000000,0.004400000000
1502980309,4464.910000000000,0.006100000000
1502980318,4464.760000000000,1.000000000000
1502980324,4461.800000000000,0.200000000000
1502980363,4464.870000000000,2.238000000000
1502980364,4465.620000000000,0.334300000000
1502980368,4465.620000000000,0.109200000000
1502980384,4463.740000000000,0.200000000000
1502980397,4466.930000000000,0.103700000000
1502980404,4466.930000000000,0.462600000000
1502980441,4466.840000000000,0.064000000000
1502980444,4463.240000000000,0.200000000000
1502980462,4469.280000000000,0.007400000000
1502980627,4468.000000000000,0.007300000000
1502980684,4467.030000000000,0.200000000000
1502980744,4463.850000000000,0.200000000000
1502980786,4467.900000000000,0.002800000000
1502980804,4466.480000000000,0.200000000000
1502980862,4466.210000000000,0.002500000000
1502980871,4466.160000000000,0.002900000000
1502980876,4466.160000000000,0.003700000000
1502980902,4464.170000000000,2.242000000000
1502980936,4465.030000000000,0.009300000000
1502980990,4463.170000000000,3.116900000000
1502980990,4463.220000000000,2.241000000000
1502980991,4460.000000000000,1.654600000000
1502980991,4460.000000000000,2.987500000000
1502981013,4461.290000000000,2.241000000000
1502981044,4461.280000000000,0.200000000000
1502981096,4462.790000000000,0.003700000000
1502981101,4462.790000000000,0.002900000000
1502981105,4459.600000000000,0.200000000000
1502981147,4462.790000000000,0.032300000000
1502981165,4459.600000000000,0.200000000000
1502981205,4463.480000000000,0.006600000000
1502981285,4464.820000000000,0.007300000000
1502981339,4466.910000000000,0.014000000000
1502981404,4462.810000000000,0.200000000000
1502981456,4459.160000000000,0.310000000000
1502981465,4458.830000000000,0.200000000000
1502981494,4461.580000000000,0.008800000000
1502981498,4461.580000000000,0.006000000000
1502981503,4461.580000000000,0.014700000000
1502981518,4461.590000000000,0.001400000000
1502981524,4461.400000000000,0.200000000000
1502981534,4465.290000000000,0.025600000000
1502981579,4462.490000000000,0.076800000000
1502981624,4462.540000000000,0.002900000000
1502981629,4462.780000000000,0.008100000000
1502981672,4456.330000000000,0.003100000000
1502981676,4456.320000000000,2.714700000000
1502981676,4455.460000000000,0.099200000000
1502981676,4456.280000000000,0.235900000000
1502981677,4456.280000000000,0.086500000000
1502981678,4456.280000000000,0.040000000000
1502981684,4456.360000000000,1.565800000000
1502981684,4456.280000000000,0.900000000000
1502981685,4455.640000000000,0.830400000000
1502981685,4455.640000000000,2.600700000000
1502981709,4456.500000000000,0.042000000000
1502981713,4456.500000000000,0.003700000000
1502981717,4455.640000000000,0.058800000000
1502981743,4453.120000000000,0.400000000000
1502981744,4450.340000000000,1.842400000000
1502981744,4450.370000000000,0.056200000000
1502981744,4453.110000000000,1.000000000000
1502981748,4452.210000000000,3.079900000000
1502981748,4452.210000000000,1.815600000000
1502981767,4451.550000000000,0.200000000000
1502981772,4451.550000000000,2.000000000000
1502981824,4451.290000000000,0.200000000000
1502981825,4451.290000000000,2.000000000000
1502981834,4453.310000000000,0.002500000000
1502981844,4453.060000000000,0.025600000000
1502981884,4450.340000000000,0.200000000000
1502981892,4453.110000000000,0.028100000000
1502981914,4453.290000000000,2.324200000000
1502981931,4453.310000000000,0.005400000000
1502981963,4453.310000000000,0.000900000000
1502981968,4453.310000000000,0.100900000000
1502982020,4453.140000000000,0.014700000000
1502982026,4453.140000000000,0.023600000000
1502982046,4449.450000000000,0.000100000000
1502982078,4449.190000000000,2.244000000000
1502982125,4448.030000000000,0.161300000000
1502982125,4445.430000000000,0.038700000000
1502982138,4449.180000000000,0.014000000000
1502982148,4449.180000000000,2.117300000000
1502982159,4448.310000000000,0.012800000000
1502982164,4448.310000000000,1.872900000000
1502982165,4448.310000000000,0.360300000000
1502982180,4448.250000000000,0.004400000000
1502982184,4448.230000000000,0.200000000000
1502982194,4448.030000000000,0.002900000000
1502982245,4443.520000000000,0.200000000000
1502982280,4446.890000000000,0.366800000000
1502982317,4446.890000000000,1.760000000000
1502982330,4447.190000000000,0.004400000000
1502982339,4444.560000000000,0.012000000000
1502982344,4444.560000000000,0.006800000000
1502982350,4444.560000000000,0.005900000000
1502982357,4446.240000000000,0.025600000000
1502982383,4446.240000000000,0.014800000000
1502982484,4443.220000000000,0.200000000000
1502982500,4446.240000000000,0.002700000000
1502982510,4446.240000000000,0.009000000000
1502982544,4443.220000000000,0.200000000000
1502982544,4446.240000000000,0.025600000000
1502982567,4446.920000000000,0.002600000000
1502982580,4446.920000000000,0.002900000000
1502982604,4444.050000000000,0.200000000000
1502982612,4446.920000000000,0.058900000000
1502982616,4446.920000000000,0.042300000000
1502982625,4446.920000000000,0.005200000000
1502982681,4446.920000000000,0.002900000000
1502982686,4446.920000000000,0.003400000000
1502982699,4446.920000000000,0.005100000000
1502982715,4446.920000000000,0.188600000000
1502982718,4448.630000000000,0.047600000000
1502982720,4450.000000000000,0.001600000000
1502982770,4446.190000000000,0.070700000000
1502982778,4446.450000000000,0.012800000000
1502982798,4446.440000000000,0.021900000000
1502982802,4446.440000000000,0.038600000000
1502982829,4446.440000000000,0.025700000000
1502982844,4444.000000000000,0.200000000000
1502982858,4446.440000000000,0.044200000000
1502982892,4445.090000000000,0.052100000000
1502982898,4445.090000000000,0.056400000000
1502982905,4444.000000000000,0.200000000000
1502982916,4446.440000000000,0.006900000000
1502982946,4448.000000000000,2.507900000000
1502982946,4446.440000000000,4.462700000000
1502982946,4446.600000000000,2.363500000000
1502982947,4448.000000000000,0.665900000000
1502982963,4444.050000000000,0.200000000000
1502982965,4447.190000000000,0.001100000000
1502982977,4450.000000000000,0.005200000000
1502982998,4449.700000000000,5.000000000000
1502983000,4449.000000000000,0.004300000000
1502983005,4449.000000000000,2.245800000000
1502983012,4449.000000000000,2.662300000000
1502983013,4449.000000000000,2.878500000000
1502983017,4449.000000000000,0.003100000000
1502983018,4449.000000000000,0.003500000000
1502983021,4449.000000000000,2.518200000000
1502983021,4449.000000000000,2.452800000000
1502983022,4449.000000000000,2.909000000000
1502983022,4449.000000000000,1.599900000000
1502983039,4448.990000000000,2.380900000000
1502983040,4448.990000000000,2.619100000000
1502983040,4448.990000000000,2.406000000000
1502983040,4448.990000000000,0.165100000000
1502983045,4449.000000000000,1.658600000000
1502983046,4449.000000000000,2.669200000000
1502983046,4449.000000000000,2.622000000000
1502983046,4449.000000000000,1.831000000000
1502983049,4449.000000000000,0.076900000000
1502983051,4449.000000000000,0.005600000000
1502983060,4449.000000000000,0.002500000000
1502983063,4447.680000000000,0.000100000000
1502983064,4447.680000000000,2.919600000000
1502983064,4448.300000000000,2.664200000000
1502983065,4448.990000000000,2.335800000000
1502983078,4448.290000000000,0.005600000000
1502983087,4449.000000000000,0.056400000000
1502983101,4449.000000000000,0.003300000000
1502983116,4449.000000000000,0.201700000000
1502983133,4449.000000000000,0.002400000000
1502983138,4449.000000000000,0.961700000000
1502983157,4449.000000000000,1.666000000000
1502983170,4448.920000000000,0.000200000000
1502983205,4445.940000000000,0.200000000000
1502983224,4449.000000000000,0.002900000000
1502983229,4449.000000000000,0.014000000000
1502983244,4445.130000000000,1.089800000000
1502983265,4445.540000000000,0.005100000000
1502983265,4444.000000000000,0.200000000000
1502983279,4445.490000000000,1.733600000000
1502983280,4444.000000000000,3.266300000000
1502983325,4444.000000000000,0.200000000000
1502983331,4445.020000000000,0.007700000000
1502983334,4445.810000000000,0.012800000000
1502983379,4444.000000000000,2.135700000000
1502983391,4444.000000000000,2.146900000000
1502983392,4444.000000000000,1.651100000000
1502983398,4445.520000000000,0.003400000000
1502983411,4445.000000000000,0.059000000000
1502983450,4443.000000000000,2.500000000000
1502983467,4444.000000000000,1.703500000000
1502983467,4444.000000000000,1.929400000000
1502983467,4444.000000000000,1.495800000000
1502983467,4444.000000000000,2.314800000000
1502983468,4444.000000000000,2.381000000000
1502983468,4444.000000000000,0.175500000000
1502983468,4444.000000000000,1.430800000000
1502983469,4444.000000000000,0.003700000000
1502983515,4443.000000000000,1.000000000000
1502983516,4441.480000000000,1.433800000000
1502983516,4441.480000000000,0.814200000000
1502983536,4444.000000000000,0.008800000000
1502983552,4444.000000000000,0.011800000000
1502983564,4444.000000000000,0.007400000000
1502983564,4443.000000000000,0.200000000000
1502983573,4443.000000000000,0.020000000000
1502983601,4441.530000000000,0.017700000000
1502983605,4441.530000000000,0.028000000000
1502983616,4443.790000000000,0.000700000000
1502983623,4440.420000000000,0.200000000000
1502983633,4443.790000000000,0.003000000000
1502983658,4440.420000000000,2.142300000000
1502983683,4437.190000000000,0.200000000000
1502983690,4439.950000000000,0.056500000000
1502983691,4439.950000000000,0.004400000000
1502983692,4439.950000000000,0.077100000000
1502983718,4439.950000000000,0.013800000000
1502983726,4439.950000000000,0.006900000000
1502983727,4439.950000000000,0.002100000000
1502983776,4439.950000000000,2.252000000000
1502983777,4440.000000000000,2.747900000000
1502983810,4440.370000000000,0.379400000000
1502983810,4440.000000000000,1.109800000000
1502983810,4439.950000000000,2.252000000000
1502983919,4441.700000000000,0.007400000000
1502983923,4438.570000000000,0.200000000000
1502983984,4427.180000000000,0.200000000000
1502984022,4426.960000000000,0.447700000000
1502984023,4424.480000000000,0.447700000000
1502984029,4423.580000000000,0.000100000000
1502984029,4423.580000000000,1.538400000000
1502984035,4419.020000000000,0.447700000000
1502984036,4418.540000000000,2.485400000000
1502984036,4412.220000000000,2.514600000000
1502984042,4420.220000000000,2.393500000000
1502984042,4420.220000000000,2.606500000000
1502984045,4418.550000000000,0.200000000000
1502984063,4417.660000000000,2.913800000000
1502984063,4417.660000000000,2.175900000000
1502984064,4417.660000000000,0.003000000000
1502984065,4420.370000000000,0.226000000000
1502984120,4410.930000000000,0.009600000000
1502984130,4409.860000000000,0.023000000000
1502984138,4405.000000000000,3.246600000000
1502984141,4406.880000000000,0.075100000000
1502984141,4405.000000000000,3.260700000000
1502984143,4405.000000000000,0.834900000000
1502984148,4405.000000000000,0.008900000000
1502984151,4405.000000000000,2.902300000000
1502984152,4405.000000000000,0.024900000000
1502984152,4405.000000000000,2.092100000000
1502984174,4405.000000000000,1.893600000000
1502984178,4405.000000000000,0.636000000000
1502984179,4403.050000000000,0.947900000000
1502984190,4407.290000000000,0.001700000000
1502984204,4405.130000000000,2.949800000000
1502984204,4405.130000000000,2.911800000000
1502984205,4405.140000000000,0.000300000000
1502984205,4405.130000000000,2.067300000000
1502984205,4405.130000000000,1.731100000000
1502984237,4404.320000000000,0.053900000000
1502984256,4402.280000000000,2.272000000000
1502984256,4403.000000000000,0.729300000000
1502984256,4403.000000000000,3.346800000000
1502984256,4403.000000000000,3.323900000000
1502984284,4400.960000000000,0.200000000000
1502984306,4406.140000000000,0.112200000000
1502984306,4405.780000000000,2.500000000000
1502984307,4404.530000000000,2.154800000000
1502984311,4403.170000000000,2.267000000000
1502984313,4403.830000000000,0.069600000000
1502984345,4406.370000000000,0.002600000000
1502984345,4403.460000000000,0.200000000000
1502984346,4406.370000000000,0.002800000000
1502984351,4406.420000000000,0.048000000000
1502984360,4405.480000000000,0.007500000000
1502984366,4407.040000000000,0.735400000000
1502984366,4406.990000000000,2.265000000000
1502984366,4405.480000000000,0.215500000000
1502984372,4408.450000000000,3.054200000000
1502984390,4410.950000000000,0.010400000000
1502984399,4414.470000000000,0.069800000000
1502984404,4412.810000000000,0.200000000000
1502984437,4415.790000000000,0.011200000000
1502984483,4413.240000000000,2.704700000000
1502984483,4413.240000000000,0.106000000000
1502984485,4413.960000000000,0.003600000000
1502984493,4413.650000000000,0.006700000000
1502984500,4411.380000000000,2.265000000000
1502984501,4410.740000000000,3.126600000000
1502984501,4404.240000000000,0.100000000000
1502984501,4411.380000000000,1.265800000000
1502984502,4400.000000000000,4.669300000000
1502984502,4400.000000000000,0.726600000000
1502984502,4400.000000000000,2.636400000000
1502984502,4404.220000000000,4.817700000000
1502984502,4400.000000000000,1.424900000000
1502984503,4400.000000000000,0.105900000000
1502984503,4400.000000000000,2.258600000000
1502984503,4400.000000000000,3.714500000000
1502984503,4400.000000000000,2.675500000000
1502984503,4400.000000000000,2.292200000000
1502984504,4400.000000000000,1.732600000000
1502984504,4400.000000000000,1.634100000000
1502984504,4400.000000000000,1.525300000000
1502984504,4400.000000000000,2.029000000000
1502984505,4400.000000000000,2.685800000000
1502984505,4400.000000000000,1.425700000000
1502984505,4400.000000000000,0.399900000000
1502984505,4400.000000000000,1.229800000000
1502984506,4400.000000000000,2.437000000000
1502984506,4400.000000000000,1.887400000000
1502984507,4400.000000000000,0.108400000000
1502984507,4400.000000000000,1.020600000000
1502984507,4400.000000000000,1.913800000000
1502984508,4400.000000000000,1.889600000000
1502984508,4400.000000000000,2.459300000000
1502984508,4400.000000000000,1.736900000000
1502984508,4400.000000000000,1.175600000000
1502984509,4400.000000000000,2.139400000000
1502984509,4400.000000000000,2.369400000000
1502984513,4400.000000000000,0.150700000000
1502984528,4400.000000000000,0.004400000000
1502984532,4400.000000000000,0.966300000000
1502984532,4399.990000000000,1.519200000000
1502984532,4399.990000000000,2.500000000000
1502984533,4400.000000000000,1.994900000000
1502984533,4399.990000000000,3.001900000000
1502984534,4399.990000000000,0.000100000000
1502984534,4399.990000000000,0.478900000000
1502984534,4399.990000000000,0.000100000000
1502984537,4399.760000000000,0.419500000000
1502984549,4400.000000000000,2.790100000000
1502984549,4399.760000000000,2.209800000000
1502984550,4399.750000000000,0.000100000000
1502984550,4399.750000000000,0.172300000000
1502984550,4399.750000000000,2.500000000000
1502984576,4400.000000000000,0.092500000000
1502984581,4400.000000000000,2.190500000000
1502984582,4400.000000000000,0.025600000000
1502984586,4400.000000000000,0.004900000000
1502984588,4400.000000000000,0.026000000000
1502984612,4400.000000000000,0.599200000000
1502984623,4400.000000000000,4.491800000000
1502984630,4400.000000000000,0.005700000000
1502984644,4399.990000000000,0.200000000000
1502984688,4400.000000000000,0.077700000000
1502984700,4399.990000000000,3.006400000000
1502984703,4400.000000000000,0.028200000000
1502984704,4396.760000000000,0.200000000000
1502984714,4400.000000000000,0.034100000000
1502984735,4400.000000000000,0.014900000000
1502984735,4399.990000000000,3.287800000000
1502984741,4400.000000000000,0.003400000000
1502984742,4399.990000000000,2.431500000000
1502984743,4398.010000000000,1.975900000000
1502984743,4398.010000000000,0.275800000000
1502984743,4399.990000000000,2.568500000000
1502984744,4398.030000000000,0.000300000000
1502984764,4398.020000000000,0.200000000000
1502984782,4398.030000000000,0.001400000000
1502984826,4399.990000000000,3.462100000000
1502984827,4399.990000000000,1.337900000000
1502984856,4399.350000000000,0.056900000000
1502984895,4400.000000000000,0.002200000000
1502984920,4401.780000000000,3.263100000000
1502984934,4402.470000000000,1.565000000000
1502984934,4402.470000000000,3.435000000000
1502984946,4402.110000000000,2.268000000000
1502984970,4403.840000000000,3.000000000000
1502984971,4403.750000000000,1.647500000000
1502984971,4400.000000000000,1.442200000000
1502984971,4403.000000000000,5.000000000000
1502984971,4400.000000000000,2.417600000000
1502984972,4400.000000000000,1.677800000000
1502984972,4400.000000000000,2.015000000000
1502984972,4400.000000000000,2.718500000000
1502984972,4400.000000000000,1.405400000000
1502984972,4400.000000000000,1.938000000000
1502984972,4400.000000000000,2.234200000000
1502984973,4400.000000000000,1.712200000000
1502984973,4399.980000000000,0.100000000000
1502984974,4400.000000000000,0.060600000000
1502984975,4400.000000000000,2.361400000000
1502984976,4400.000000000000,0.005600000000
1502984981,4400.000000000000,0.010000000000
1502984985,4399.990000000000,2.103400000000
1502984985,4399.990000000000,2.896600000000
1502984986,4399.270000000000,0.000100000000
1502984989,4400.000000000000,1.671900000000
1502984991,4400.000000000000,0.002800000000
1502984995,4399.990000000000,1.856000000000
1502984995,4399.990000000000,3.144000000000
1502984996,4398.850000000000,0.890600000000
1502985001,4400.000000000000,1.626700000000
1502985001,4400.000000000000,2.446500000000
1502985001,4400.000000000000,2.532000000000
1502985002,4400.000000000000,0.000500000000
1502985005,4400.000000000000,0.027900000000
1502985006,4399.990000000000,1.436700000000
1502985006,4399.990000000000,3.563300000000
1502985007,4399.280000000000,0.000100000000
1502985007,4400.000000000000,3.663400000000
1502985007,4399.550000000000,1.335500000000
1502985008,4399.280000000000,0.000100000000
1502985010,4399.280000000000,0.077100000000
1502985014,4399.280000000000,0.226200000000
1502985017,4400.000000000000,2.518600000000
1502985017,4400.000000000000,4.999900000000
1502985023,4400.000000000000,0.150000000000
1502985043,4400.000000000000,0.225900000000
1502985054,4400.000000000000,2.130500000000
1502985054,4400.000000000000,2.621600000000
1502985055,4400.000000000000,1.920700000000
1502985059,4399.220000000000,0.000100000000
1502985059,4398.020000000000,2.500000000000
1502985059,4398.580000000000,0.080200000000
1502985059,4398.580000000000,3.659800000000
1502985059,4397.560000000000,1.260000000000
1502985063,4398.310000000000,0.000200000000
1502985064,4398.310000000000,0.292800000000
1502985085,4398.300000000000,0.001700000000
1502985095,4396.550000000000,0.017900000000
1502985116,4397.730000000000,0.050000000000
1502985139,4396.680000000000,0.000100000000
1502985150,4395.830000000000,0.022100000000
1502985186,4393.000000000000,0.725800000000
1502985186,4392.990000000000,0.700000000000
1502985187,4386.860000000000,0.200000000000
1502985188,4393.000000000000,0.046800000000
1502985214,4389.010000000000,0.009000000000
1502985214,4389.010000000000,0.003100000000
1502985221,4384.660000000000,2.500000000000
1502985227,4387.120000000000,0.042600000000
1502985244,4381.840000000000,0.200000000000
1502985253,4378.000000000000,1.440900000000
1502985253,4378.000000000000,3.559100000000
1502985256,4376.530000000000,1.182700000000
1502985286,4373.260000000000,0.056900000000
1502985290,4373.000000000000,3.253000000000
1502985290,4373.000000000000,3.467100000000
1502985291,4373.000000000000,1.279900000000
1502985294,4372.030000000000,0.454500000000
1502985304,4365.490000000000,0.200000000000
1502985308,4365.000000000000,2.235000000000
1502985308,4365.490000000000,0.074100000000
1502985308,4365.490000000000,2.225800000000
1502985312,4365.000000000000,3.100200000000
1502985313,4365.000000000000,2.432000000000
1502985313,4365.000000000000,3.095300000000
1502985316,4365.000000000000,2.125800000000
1502985317,4365.000000000000,2.011700000000
1502985327,4361.000000000000,2.000000000000
1502985363,4345.000000000000,3.167400000000
1502985363,4345.000000000000,2.807900000000
1502985367,4345.010000000000,2.352100000000
1502985367,4343.490000000000,1.664700000000
1502985367,4345.000000000000,1.024700000000
1502985368,4344.090000000000,0.000100000000
1502985368,4344.090000000000,0.150000000000
1502985369,4343.480000000000,0.028600000000
1502985371,4341.130000000000,2.471400000000
1502985389,4334.730000000000,1.739900000000
1502985389,4334.730000000000,3.260100000000
1502985390,4336.670000000000,0.179500000000
1502985391,4335.300000000000,1.258700000000
1502985392,4334.670000000000,1.499300000000
1502985392,4338.010000000000,1.701700000000
1502985392,4336.670000000000,1.630500000000
1502985393,4338.010000000000,0.211000000000
1502985400,4338.010000000000,0.658200000000
1502985400,4342.660000000000,2.842400000000
1502985400,4338.550000000000,0.100000000000
1502985401,4340.010000000000,0.093100000000
1502985401,4341.620000000000,1.908200000000
1502985402,4341.610000000000,1.774900000000
1502985402,4338.500000000000,0.746100000000
1502985412,4342.530000000000,2.306000000000
1502985416,4344.620000000000,0.100000000000
1502985419,4346.030000000000,2.303000000000
1502985442,4350.260000000000,1.443900000000
1502985442,4350.010000000000,2.500000000000
1502985444,4347.990000000000,0.216900000000
1502985444,4347.990000000000,2.004300000000
1502985444,4347.990000000000,2.778800000000
1502985481,4347.540000000000,0.346000000000
1502985494,4342.700000000000,2.606500000000
1502985502,4344.870000000000,0.026100000000
1502985516,4348.040000000000,0.002600000000
1502985554,4339.010000000000,5.000000000000
1502985554,4339.530000000000,2.000000000000
1502985554,4341.270000000000,1.659400000000
1502985554,4341.450000000000,2.500000000000
1502985555,4335.420000000000,0.100000000000
1502985555,4328.080000000000,0.100000000000
1502985555,4335.400000000000,3.486500000000
1502985556,4320.000000000000,2.047100000000
1502985556,4320.000000000000,1.476400000000
1502985556,4320.000000000000,4.172600000000
1502985556,4320.000000000000,2.218300000000
1502985556,4328.000000000000,7.760700000000
1502985557,4320.000000000000,3.956000000000
1502985557,4320.000000000000,6.345000000000
1502985557,4320.000000000000,1.421400000000
1502985557,4320.000000000000,7.607500000000
1502985557,4320.000000000000,3.863200000000
1502985558,4320.000000000000,1.917800000000
1502985558,4320.000000000000,2.651300000000
1502985558,4320.000000000000,6.311400000000
1502985558,4320.000000000000,2.869200000000
1502985558,4320.000000000000,2.225700000000
1502985559,4320.000000000000,3.256600000000
1502985559,4320.000000000000,2.204900000000
1502985559,4320.000000000000,1.194100000000
1502985559,4320.000000000000,2.612400000000
1502985559,4320.000000000000,1.006700000000
1502985560,4320.000000000000,0.918800000000
1502985560,4320.000000000000,1.503400000000
1502985560,4320.000000000000,2.196600000000
1502985560,4320.000000000000,0.797700000000
1502985560,4320.000000000000,1.879500000000
1502985561,4320.000000000000,2.658200000000
1502985561,4320.000000000000,1.632100000000
1502985561,4320.000000000000,1.451500000000
1502985563,4320.000000000000,0.091700000000
1502985575,4320.000000000000,0.183100000000
1502985575,4319.990000000000,0.100000000000
1502985576,4320.000000000000,0.756600000000
1502985578,4320.000000000000,0.020000000000
1502985579,4320.000000000000,0.020000000000
1502985582,4320.000000000000,1.891900000000
1502985587,4320.000000000000,0.000200000000
1502985592,4320.000000000000,0.010000000000
1502985596,4320.000000000000,0.026600000000
1502985599,4320.000000000000,0.030000000000
1502985607,4320.000000000000,1.967900000000
1502985607,4328.340000000000,0.100000000000
1502985607,4329.930000000000,1.932100000000
1502985608,4329.800000000000,0.999700000000
1502985608,4329.800000000000,1.994200000000
1502985608,4335.500000000000,0.100000000000
1502985609,4335.810000000000,2.905700000000
1502985614,4331.110000000000,1.406000000000
1502985615,4332.050000000000,1.405800000000
1502985616,4331.960000000000,0.010000000000
1502985616,4331.960000000000,0.653300000000
1502985617,4331.960000000000,0.006000000000
1502985619,4331.960000000000,1.160000000000
1502985622,4332.160000000000,0.021000000000
1502985624,4332.160000000000,0.024300000000
1502985626,4332.160000000000,0.080000000000
1502985626,4332.160000000000,2.776100000000
1502985627,4338.150000000000,0.763900000000
1502985627,4332.350000000000,0.120000000000
1502985627,4332.350000000000,0.010000000000
1502985629,4332.350000000000,0.010000000000
1502985630,4332.350000000000,0.010000000000
1502985632,4332.350000000000,0.010000000000
1502985633,4332.790000000000,0.003000000000
1502985635,4332.790000000000,0.010000000000
1502985636,4332.790000000000,0.018900000000
1502985636,4332.790000000000,0.042300000000
1502985637,4332.780000000000,2.500000000000
1502985637,4332.360000000000,0.100000000000
1502985638,4332.520000000000,0.010000000000
1502985641,4332.520000000000,0.192800000000
1502985642,4332.520000000000,0.033700000000
1502985643,4332.520000000000,0.010000000000
1502985644,4332.520000000000,0.010000000000
1502985644,4332.520000000000,0.032400000000
1502985646,4332.520000000000,1.268900000000
1502985651,4334.440000000000,0.229300000000
1502985651,4334.440000000000,0.010000000000
1502985653,4334.440000000000,0.324700000000
1502985653,4334.440000000000,0.010000000000
1502985656,4334.440000000000,0.010000000000
1502985657,4334.440000000000,0.370000000000
1502985664,4334.440000000000,0.028900000000
1502985668,4335.260000000000,0.265200000000
1502985669,4335.260000000000,0.790000000000
1502985672,4336.340000000000,0.015100000000
1502985684,4336.340000000000,1.000000000000
1502985685,4339.980000000000,3.162000000000
1502985686,4342.080000000000,0.100000000000
1502985686,4343.280000000000,1.737300000000
1502985690,4340.870000000000,0.022900000000
1502985691,4340.870000000000,0.049400000000
1502985695,4341.840000000000,1.818000000000
1502985696,4342.590000000000,0.078900000000
1502985698,4338.420000000000,0.010000000000
1502985704,4342.320000000000,3.075400000000
1502985705,4348.010000000000,1.504500000000
1502985707,4342.570000000000,0.000200000000
1502985708,4342.570000000000,0.000100000000
1502985709,4338.860000000000,0.350000000000
1502985710,4336.930000000000,0.000700000000
1502985711,4336.930000000000,0.183300000000
1502985712,4336.930000000000,0.354600000000
1502985712,4337.080000000000,0.010500000000
1502985718,4338.780000000000,0.010000000000
1502985722,4340.270000000000,0.003800000000
1502985755,4346.700000000000,0.849200000000
1502985755,4340.710000000000,2.627400000000
1502985764,4341.510000000000,0.003000000000
1502985770,4341.500000000000,1.465300000000
1502985772,4339.700000000000,0.010000000000
1502985774,4339.700000000000,0.003500000000
1502985800,4339.690000000000,0.010000000000
1502985800,4339.690000000000,0.000100000000
1502985800,4339.690000000000,2.677000000000
1502985807,4340.110000000000,0.002600000000
1502985811,4340.100000000000,3.186100000000
1502985812,4340.100000000000,1.813900000000
1502985818,4338.970000000000,0.074800000000
1502985818,4338.970000000000,0.010000000000
1502985822,4340.030000000000,0.010000000000
1502985833,4341.450000000000,1.020000000000
1502985858,4341.450000000000,0.075600000000
1502985858,4340.260000000000,1.000000000000
1502985862,4340.190000000000,0.005700000000
1502985893,4335.630000000000,0.134000000000
1502985918,4330.520000000000,0.007000000000
1502985921,4327.060000000000,0.100000000000
1502985923,4320.000000000000,2.377300000000
1502985931,4315.930000000000,0.002600000000
1502985942,4313.000000000000,0.113000000000
1502985953,4304.590000000000,2.988700000000
1502985953,4304.590000000000,0.000100000000
1502985953,4303.000000000000,1.000000000000
1502985980,4299.990000000000,0.004600000000
1502986009,4291.950000000000,0.401800000000
1502986018,4291.150000000000,0.113000000000
1502986018,4291.940000000000,0.100000000000
1502986018,4292.990000000000,0.110200000000
1502986019,4292.420000000000,0.051900000000
1502986022,4289.400000000000,0.000200000000
1502986027,4288.120000000000,0.663200000000
1502986049,4283.570000000000,0.135000000000
1502986049,4283.000000000000,1.039600000000
1502986053,4283.940000000000,0.006700000000
1502986064,4282.360000000000,0.010700000000
1502986064,4283.000000000000,0.587400000000
1502986082,4278.770000000000,4.443900000000
1502986088,4276.000000000000,0.030000000000
1502986123,4268.130000000000,0.051000000000
1502986146,4266.350000000000,0.556100000000
1502986153,4274.070000000000,0.103300000000
1502986157,4274.310000000000,0.033800000000
1502986160,4277.000000000000,0.525500000000
1502986160,4273.940000000000,2.450100000000
1502986161,4275.420000000000,0.146700000000
1502986162,4275.420000000000,1.877300000000
1502986163,4276.950000000000,0.019400000000
1502986164,4274.480000000000,3.501700000000
1502986164,4276.950000000000,0.080600000000
1502986165,4278.010000000000,1.398100000000
1502986165,4275.560000000000,0.020000000000
1502986165,4275.560000000000,0.020000000000
1502986166,4275.560000000000,0.541700000000
1502986166,4279.030000000000,0.424500000000
1502986168,4277.580000000000,0.011600000000
1502986173,4278.490000000000,0.162300000000
1502986173,4278.020000000000,2.337700000000
1502986174,4278.210000000000,0.116100000000
1502986175,4278.210000000000,0.053100000000
1502986183,4280.870000000000,2.037900000000
1502986183,4280.870000000000,0.443000000000
1502986183,4287.340000000000,2.519000000000
1502986187,4287.340000000000,2.500000000000
1502986197,4290.000000000000,1.803700000000
1502986198,4290.000000000000,2.908300000000
1502986199,4290.000000000000,0.288000000000
1502986199,4292.000000000000,0.558700000000
1502986208,4303.640000000000,0.049300000000
1502986209,4296.910000000000,0.250000000000
1502986220,4304.030000000000,0.021400000000
1502986223,4305.970000000000,0.892100000000
1502986231,4307.820000000000,0.503200000000
1502986247,4309.230000000000,0.000100000000
1502986248,4309.230000000000,0.648800000000
1502986250,4310.760000000000,0.086000000000
1502986250,4310.760000000000,0.037300000000
1502986253,4310.760000000000,0.230900000000
1502986257,4311.750000000000,2.143300000000
1502986259,4311.610000000000,3.424700000000
1502986259,4312.420000000000,0.219800000000
1502986261,4310.760000000000,2.145800000000
1502986273,4314.090000000000,0.000100000000
1502986274,4313.470000000000,2.240400000000
1502986274,4314.090000000000,2.371900000000
1502986285,4312.690000000000,2.181000000000
1502986286,4312.640000000000,2.977400000000
1502986286,4312.690000000000,0.140000000000
1502986286,4312.640000000000,0.022600000000
1502986288,4311.000000000000,2.091200000000
1502986289,4312.690000000000,0.824400000000
1502986290,4311.000000000000,2.129800000000
1502986290,4312.690000000000,1.867800000000
1502986339,4313.950000000000,0.020300000000
1502986356,4311.010000000000,2.819100000000
1502986356,4312.090000000000,0.605200000000
1502986356,4311.010000000000,1.959300000000
1502986356,4312.340000000000,3.040700000000
1502986357,4311.740000000000,0.005000000000
1502986357,4311.010000000000,1.575700000000
1502986360,4311.000000000000,3.071500000000
1502986365,4311.000000000000,2.926500000000
1502986370,4311.000000000000,3.044000000000
1502986370,4311.000000000000,2.505000000000
1502986371,4311.000000000000,2.567700000000
1502986372,4311.000000000000,2.578400000000
1502986373,4311.000000000000,2.538600000000
1502986373,4311.000000000000,2.073500000000
1502986373,4311.000000000000,1.959300000000
1502986373,4311.000000000000,3.082400000000
1502986374,4311.000000000000,2.404900000000
1502986377,4311.000000000000,1.959900000000
1502986394,4311.000000000000,4.999900000000
1502986395,4311.000000000000,0.099300000000
1502986396,4311.010000000000,0.404900000000
1502986396,4311.010000000000,2.095100000000
1502986396,4311.000000000000,0.807300000000
1502986397,4311.010000000000,2.661500000000
1502986399,4311.000000000000,1.500000000000
1502986399,4311.000000000000,2.328500000000
1502986410,4311.000000000000,4.999900000000
1502986412,4308.720000000000,0.516100000000
1502986412,4311.000000000000,0.332400000000
1502986440,4301.900000000000,0.009100000000
1502986456,4299.450000000000,1.927000000000
1502986458,4300.170000000000,0.000100000000
1502986469,4295.140000000000,0.941400000000
1502986472,4295.140000000000,1.127400000000
1502986512,4283.670000000000,2.299100000000
1502986514,4284.070000000000,0.046500000000
1502986534,4285.510000000000,0.058200000000
1502986534,4285.490000000000,0.000100000000
1502986536,4281.730000000000,0.026000000000
1502986544,4278.960000000000,0.000100000000
1502986544,4278.960000000000,1.952600000000
1502986544,4278.960000000000,2.989200000000
1502986545,4279.540000000000,2.434700000000
1502986545,4279.540000000000,1.148700000000
1502986553,4271.720000000000,2.650700000000
1502986553,4272.990000000000,0.200000000000
1502986553,4277.500000000000,2.149200000000
1502986558,4278.700000000000,0.013200000000
1502986562,4275.240000000000,2.000000000000
1502986566,4266.130000000000,0.362300000000
1502986566,4272.410000000000,1.637700000000
1502986567,4272.470000000000,2.017000000000
1502986568,4266.130000000000,0.982900000000
1502986569,4271.990000000000,1.637700000000
1502986573,4269.480000000000,1.631000000000
1502986573,4269.480000000000,0.010800000000
1502986573,4269.480000000000,0.250000000000
1502986574,4268.320000000000,0.842200000000
1502986580,4266.500000000000,0.004400000000
1502986590,4265.760000000000,0.007700000000
1502986593,4263.070000000000,2.500000000000
1502986598,4255.610000000000,0.449500000000
1502986620,4259.320000000000,2.345000000000
1502986634,4262.620000000000,1.831400000000
1502986640,4262.620000000000,0.006100000000
1502986645,4263.550000000000,0.578700000000
1502986645,4262.620000000000,0.024000000000
1502986646,4263.550000000000,0.110000000000
1502986646,4263.550000000000,0.553100000000
1502986673,4278.730000000000,1.628600000000
1502986673,4272.050000000000,2.177400000000
1502986675,4271.840000000000,0.079700000000
1502986691,4278.200000000000,0.100000000000
1502986691,4280.620000000000,1.137100000000
1502986692,4280.970000000000,2.500000000000
1502986696,4282.280000000000,2.336000000000
1502986725,4288.860000000000,0.018400000000
1502986748,4289.500000000000,0.002600000000
1502986760,4295.670000000000,0.108400000000
1502986778,4297.430000000000,0.058600000000
1502986794,4294.590000000000,0.199600000000
1502986794,4294.590000000000,0.100600000000
1502986795,4294.590000000000,0.424500000000
1502986795,4294.590000000000,0.226600000000
1502986796,4294.590000000000,0.987000000000
1502986796,4293.730000000000,0.000100000000
1502986796,4297.590000000000,0.026700000000
1502986797,4293.680000000000,2.043700000000
1502986800,4294.640000000000,0.009800000000
1502986800,4294.640000000000,0.207400000000
1502986802,4294.640000000000,0.020000000000
1502986803,4294.640000000000,0.020000000000
1502986804,4296.440000000000,0.010700000000
1502986808,4293.260000000000,0.300000000000
1502986808,4293.680000000000,2.500000000000
1502986843,4296.270000000000,0.000300000000
1502986851,4299.620000000000,0.004600000000
1502986855,4296.330000000000,2.723200000000
1502986860,4297.060000000000,0.004600000000
1502986863,4296.350000000000,0.990000000000
1502986864,4296.350000000000,0.015600000000
1502986865,4296.350000000000,0.200000000000
1502986897,4296.380000000000,2.320000000000
1502986898,4296.330000000000,0.076800000000
1502986915,4298.360000000000,0.079800000000
1502986928,4302.070000000000,0.056800000000
1502986962,4304.290000000000,1.637300000000
1502986962,4304.290000000000,0.003100000000
1502986963,4304.290000000000,0.076900000000
1502986964,4304.290000000000,0.202500000000
1502986964,4304.290000000000,0.580200000000
1502986964,4307.850000000000,1.544300000000
1502986965,4307.500000000000,2.798300000000
1502986965,4304.160000000000,0.029000000000
1502986976,4306.490000000000,0.170400000000
1502987009,4311.190000000000,0.014500000000
1502987011,4312.360000000000,0.068400000000
1502987013,4309.290000000000,2.316000000000
1502987013,4309.190000000000,0.000300000000
1502987083,4323.520000000000,0.143700000000
1502987105,4328.310000000000,0.003600000000
1502987105,4328.310000000000,0.034100000000
1502987106,4328.310000000000,0.053200000000
1502987111,4328.310000000000,0.001800000000
1502987141,4328.010000000000,2.763500000000
1502987154,4325.700000000000,2.263800000000
1502987168,4327.140000000000,1.888000000000
1502987168,4325.700000000000,0.112000000000
1502987201,4315.540000000000,2.500000000000
1502987202,4314.310000000000,0.081300000000
1502987203,4315.810000000000,0.718700000000
1502987220,4316.910000000000,0.282600000000
1502987220,4313.200000000000,0.036000000000
1502987220,4316.910000000000,2.035400000000
1502987233,4321.120000000000,0.141500000000
1502987251,4310.860000000000,1.125200000000
1502987262,4309.360000000000,1.965600000000
1502987271,4306.500000000000,0.286000000000
1502987278,4306.500000000000,2.214000000000
1502987278,4309.350000000000,0.800000000000
1502987278,4304.890000000000,3.195400000000
1502987279,4311.300000000000,4.071300000000
1502987279,4316.210000000000,2.318000000000
1502987279,4315.160000000000,0.100000000000
1502987280,4320.950000000000,2.546900000000
1502987280,4320.950000000000,3.803900000000
1502987280,4320.950000000000,1.786600000000
1502987280,4320.950000000000,2.663000000000
1502987280,4318.400000000000,8.824500000000
1502987281,4320.950000000000,4.111500000000
1502987281,4320.950000000000,1.840200000000
1502987281,4320.950000000000,3.531200000000
1502987281,4320.950000000000,3.875600000000
1502987281,4320.950000000000,1.576700000000
1502987281,4320.950000000000,2.296700000000
1502987282,4320.950000000000,0.444500000000
1502987284,4317.140000000000,0.100000000000
1502987288,4315.560000000000,3.634000000000
1502987288,4310.970000000000,0.200000000000
1502987289,4309.790000000000,1.165900000000
1502987294,4307.210000000000,2.146400000000
1502987294,4313.330000000000,2.853500000000
1502987295,4312.490000000000,0.261700000000
1502987299,4312.500000000000,0.068900000000
1502987324,4306.500000000000,0.005300000000
1502987332,4306.500000000000,0.460200000000
1502987332,4306.500000000000,0.000100000000
1502987332,4306.640000000000,2.588000000000
1502987332,4306.640000000000,2.412000000000
1502987346,4308.560000000000,2.463800000000
1502987349,4307.960000000000,2.047900000000
1502987351,4307.090000000000,0.458900000000
1502987362,4307.090000000000,1.000000000000
1502987392,4305.010000000000,0.045600000000
1502987404,4308.190000000000,0.000100000000
1502987404,4305.010000000000,0.406500000000
1502987417,4309.000000000000,2.530200000000
1502987440,4313.660000000000,2.829000000000
1502987440,4313.610000000000,0.100000000000
1502987464,4327.210000000000,0.026500000000
1502987476,4324.460000000000,2.070900000000
1502987498,4336.420000000000,3.104000000000
1502987507,4333.370000000000,1.665100000000
1502987516,4331.820000000000,0.068000000000
1502987524,4334.680000000000,0.002700000000
1502987533,4329.060000000000,0.100000000000
1502987535,4327.250000000000,2.500000000000
1502987538,4333.700000000000,0.100000000000
1502987540,4336.160000000000,2.439200000000
1502987541,4335.000000000000,0.336600000000
1502987541,4335.000000000000,2.234900000000
1502987541,4334.450000000000,0.060800000000
1502987541,4335.630000000000,2.012800000000
1502987544,4332.570000000000,2.648700000000
1502987563,4323.640000000000,0.009100000000
1502987563,4323.910000000000,0.100000000000
1502987568,4323.640000000000,0.000100000000
1502987569,4330.100000000000,0.100000000000
1502987612,4332.090000000000,1.681800000000
1502987689,4331.010000000000,0.006100000000
1502987711,4332.090000000000,0.057700000000
1502987728,4330.050000000000,2.000000000000
1502987733,4330.000000000000,4.960000000000
1502987751,4330.810000000000,0.030300000000
1502987759,4327.450000000000,2.309000000000
1502987762,4325.830000000000,2.690900000000
1502987766,4325.080000000000,0.010000000000
1502987766,4325.390000000000,0.010000000000
1502987775,4324.650000000000,0.139000000000
1502987775,4325.130000000000,2.311000000000
1502987775,4325.080000000000,2.490000000000
1502987782,4325.440000000000,0.000100000000
1502987792,4325.080000000000,0.200400000000
1502987792,4328.070000000000,2.035200000000
1502987809,4324.600000000000,1.034300000000
1502987809,4326.910000000000,2.406800000000
1502987810,4320.100000000000,0.366900000000
1502987810,4321.790000000000,0.100000000000
1502987818,4324.690000000000,0.009100000000
1502987862,4322.790000000000,2.047000000000
1502987885,4314.650000000000,0.375900000000
1502987894,4318.250000000000,0.079400000000
1502987904,4318.250000000000,0.079200000000
1502987911,4318.240000000000,0.009100000000
1502987929,4318.190000000000,0.006100000000
1502987940,4309.130000000000,1.252200000000
1502987940,4313.800000000000,1.930700000000
1502987944,4315.710000000000,0.026400000000
1502987949,4314.720000000000,0.026400000000
1502987951,4313.010000000000,0.361300000000
1502987951,4312.060000000000,2.138700000000
1502987993,4298.310000000000,2.325000000000
1502987994,4305.090000000000,0.058000000000
1502987994,4298.360000000000,0.000100000000
1502988011,4303.350000000000,0.029000000000
1502988018,4297.280000000000,1.659000000000
1502988019,4297.280000000000,0.668000000000
1502988020,4297.890000000000,1.765300000000
1502988020,4297.890000000000,1.823900000000
1502988020,4297.890000000000,1.410800000000
1502988070,4295.170000000000,0.032000000000
1502988091,4296.240000000000,1.195700000000
1502988100,4300.000000000000,0.047000000000
1502988100,4297.060000000000,0.500000000000
1502988116,4298.370000000000,0.003000000000
1502988116,4298.370000000000,0.054900000000
1502988117,4298.370000000000,1.433400000000
1502988117,4298.370000000000,0.300000000000
1502988123,4298.310000000000,0.700000000000
1502988124,4299.490000000000,1.212100000000
1502988124,4298.710000000000,2.787900000000
1502988138,4299.420000000000,0.100000000000
1502988144,4301.230000000000,0.580100000000
1502988144,4301.230000000000,1.743900000000
1502988207,4306.220000000000,3.173000000000
1502988208,4310.000000000000,0.997100000000
1502988216,4306.230000000000,0.004000000000
1502988232,4306.230000000000,1.000000000000
1502988233,4307.120000000000,0.062800000000
1502988236,4307.120000000000,0.003000000000
1502988241,4307.120000000000,0.100000000000
1502988255,4310.000000000000,2.500000000000
1502988256,4310.790000000000,2.400000000000
1502988270,4313.070000000000,0.022600000000
1502988281,4313.070000000000,0.002200000000
1502988290,4313.070000000000,0.079700000000
1502988314,4313.070000000000,0.985100000000
1502988317,4313.070000000000,0.225100000000
1502988329,4317.930000000000,0.071400000000
1502988376,4314.560000000000,2.307000000000
1502988377,4314.560000000000,0.011000000000
1502988378,4314.560000000000,0.000300000000
1502988378,4314.560000000000,1.941900000000
1502988380,4319.320000000000,0.100000000000
1502988380,4314.000000000000,2.497900000000
1502988380,4319.210000000000,2.317000000000
1502988381,4320.000000000000,3.157200000000
1502988381,4320.000000000000,2.201400000000
1502988381,4320.000000000000,8.800000000000
1502988381,4320.000000000000,3.093600000000
1502988382,4320.000000000000,2.112200000000
1502988382,4320.000000000000,1.769300000000
1502988382,4320.000000000000,2.545100000000
1502988382,4320.000000000000,2.110500000000
1502988382,4320.000000000000,2.270400000000
1502988383,4320.000000000000,2.485500000000
1502988383,4320.000000000000,1.899400000000
1502988383,4320.000000000000,2.179800000000
1502988383,4320.000000000000,1.786900000000
1502988383,4320.000000000000,2.875600000000
1502988385,4322.070000000000,2.190900000000
1502988386,4321.580000000000,2.235200000000
1502988397,4322.330000000000,3.375400000000
1502988398,4321.580000000000,1.624600000000
1502988428,4320.400000000000,2.871100000000
1502988428,4320.000000000000,2.128800000000
1502988442,4320.050000000000,0.694600000000
1502988471,4320.000000000000,0.030000000000
1502988508,4320.000000000000,0.059000000000
1502988518,4320.010000000000,0.059000000000
1502988563,4320.000000000000,1.980500000000
1502988563,4320.000000000000,1.516700000000
1502988564,4320.000000000000,0.083200000000
1502988564,4320.010000000000,0.200000000000
1502988564,4320.000000000000,2.377800000000
1502988564,4320.000000000000,2.240300000000
1502988568,4320.680000000000,0.058900000000
1502988606,4320.000000000000,1.599200000000
1502988619,4322.070000000000,0.001400000000
1502988619,4321.160000000000,0.000100000000
1502988623,4320.490000000000,1.000000000000
1502988649,4323.990000000000,0.010000000000
1502988656,4324.040000000000,0.006100000000
1502988671,4325.900000000000,0.791800000000
1502988682,4332.260000000000,0.100000000000
1502988685,4335.040000000000,0.079400000000
1502988734,4337.300000000000,2.888100000000
1502988735,4335.590000000000,2.420800000000
1502988735,4336.000000000000,2.111900000000
1502988735,4336.350000000000,0.317000000000
1502988736,4335.590000000000,2.262200000000
1502988749,4335.490000000000,0.002800000000
1502988773,4339.890000000000,2.689900000000
1502988773,4338.260000000000,2.310000000000
1502988799,4337.500000000000,0.388000000000
1502988832,4343.330000000000,0.000100000000
1502988871,4342.870000000000,0.000100000000
1502988890,4342.870000000000,0.057900000000
1502988900,4344.280000000000,0.000700000000
1502988915,4345.390000000000,0.058100000000
1502989025,4346.070000000000,1.516200000000
1502989031,4345.410000000000,0.079200000000
1502989040,4350.000000000000,0.004500000000
1502989045,4350.100000000000,0.002200000000
1502989054,4346.200000000000,0.000100000000
1502989058,4346.560000000000,0.021200000000
1502989089,4348.740000000000,2.303000000000
1502989090,4348.790000000000,0.031900000000
1502989098,4348.390000000000,0.010600000000
1502989130,4343.730000000000,2.363600000000
1502989144,4349.460000000000,0.039000000000
1502989165,4350.850000000000,0.007600000000
1502989168,4343.090000000000,2.299000000000
1502989217,4350.480000000000,0.057900000000
1502989219,4350.480000000000,0.342500000000
1502989257,4348.890000000000,0.012100000000
1502989295,4348.890000000000,0.052600000000
1502989382,4336.130000000000,0.500000000000
1502989392,4342.040000000000,0.004500000000
1502989402,4334.550000000000,2.455800000000
1502989403,4334.550000000000,0.310400000000
1502989403,4334.550000000000,2.233800000000
1502989409,4332.490000000000,3.457900000000
1502989410,4332.490000000000,1.542100000000
1502989424,4332.490000000000,2.342100000000
1502989446,4332.490000000000,2.841300000000
1502989447,4332.150000000000,2.141000000000
1502989504,4331.530000000000,2.134900000000
1502989516,4331.380000000000,0.005700000000
1502989517,4331.380000000000,0.134300000000
1502989558,4332.340000000000,2.309000000000
1502989567,4326.430000000000,0.077900000000
1502989570,4320.060000000000,0.100000000000
1502989570,4322.710000000000,2.309000000000
1502989571,4320.000000000000,4.899900000000
1502989582,4322.710000000000,0.100000000000
1502989582,4322.710000000000,0.063000000000
1502989582,4322.710000000000,0.000100000000
1502989618,4323.710000000000,0.003200000000
1502989624,4323.710000000000,0.007200000000
1502989632,4326.340000000000,0.328300000000
1502989635,4326.340000000000,0.093600000000
1502989681,4326.730000000000,0.015200000000
1502989700,4326.730000000000,0.015200000000
1502989703,4326.730000000000,0.054800000000
1502989708,4330.290000000000,0.000700000000
1502989710,4327.840000000000,0.018800000000
1502989737,4337.700000000000,0.015200000000
1502989767,4339.190000000000,0.006100000000
1502989783,4339.190000000000,0.003300000000
1502989815,4333.880000000000,1.884900000000
1502989816,4333.880000000000,0.425100000000
1502989820,4337.380000000000,0.040700000000
1502989827,4337.380000000000,0.026000000000
1502989853,4337.580000000000,0.006200000000
1502989856,4327.270000000000,0.100000000000
1502989861,4333.610000000000,0.100000000000
1502989862,4336.090000000000,0.100000000000
1502989873,4322.540000000000,0.100000000000
1502989878,4320.000000000000,2.788000000000
1502989888,4320.000000000000,2.552300000000
1502989888,4320.000000000000,1.855200000000
1502989888,4320.000000000000,2.360700000000
1502989889,4320.000000000000,1.783300000000
1502989889,4320.000000000000,2.598500000000
1502989889,4320.000000000000,1.684900000000
1502989889,4320.000000000000,1.995700000000
1502989946,4331.770000000000,0.009100000000
1502989963,4331.870000000000,0.006100000000
1502989980,4322.010000000000,0.152900000000
1502989981,4322.010000000000,0.079300000000
1502989985,4322.010000000000,0.320000000000
1502989996,4322.010000000000,0.067800000000
1502989999,4322.010000000000,0.066000000000
1502990031,4320.010000000000,0.003200000000
1502990073,4320.000000000000,4.004900000000
1502990073,4320.000000000000,2.979100000000
1502990082,4320.000000000000,1.661000000000
1502990083,4320.000000000000,1.748400000000
1502990116,4320.000000000000,0.870800000000
1502990121,4314.220000000000,0.022000000000
1502990123,4312.180000000000,3.199600000000
1502990123,4310.570000000000,1.111200000000
1502990139,4313.180000000000,0.001900000000
1502990148,4312.000000000000,0.000100000000
1502990217,4302.590000000000,3.254800000000
1502990218,4302.590000000000,1.745200000000
1502990219,4304.430000000000,0.000100000000
1502990261,4302.000000000000,0.003900000000
1502990261,4302.000000000000,2.528100000000
1502990261,4302.000000000000,2.468000000000
1502990282,4303.330000000000,1.735000000000
1502990309,4304.250000000000,0.333000000000
1502990325,4315.270000000000,0.002500000000
1502990373,4315.530000000000,0.015200000000
1502990383,4315.650000000000,0.020000000000
1502990384,4315.650000000000,0.639700000000
1502990442,4316.880000000000,0.184100000000
1502990485,4316.220000000000,1.603900000000
1502990487,4316.220000000000,0.396100000000
1502990492,4312.000000000000,2.776000000000
1502990492,4312.000000000000,2.223100000000
1502990493,4312.620000000000,0.000100000000
1502990493,4313.090000000000,2.322000000000
1502990493,4312.000000000000,0.000900000000
1502990504,4313.430000000000,0.013700000000
1502990574,4316.790000000000,0.007000000000
1502990609,4316.450000000000,0.039700000000
1502990628,4322.300000000000,0.026500000000
1502990710,4322.890000000000,0.835400000000
1502990710,4322.890000000000,0.164600000000
1502990710,4323.630000000000,2.310000000000
1502990718,4318.980000000000,0.228500000000
1502990719,4319.000000000000,0.000100000000
1502990727,4328.120000000000,0.007600000000
1502990737,4324.630000000000,0.001000000000
1502990750,4321.220000000000,0.002400000000
1502990799,4321.220000000000,0.003000000000
1502990807,4321.220000000000,0.003000000000
1502990837,4321.220000000000,0.003200000000
1502990838,4321.190000000000,0.100000000000
1502990861,4324.500000000000,0.001500000000
1502990869,4322.050000000000,2.432500000000
1502990870,4322.050000000000,0.423900000000
1502990870,4322.050000000000,2.142700000000
1502990892,4325.270000000000,0.072600000000
1502990892,4325.270000000000,2.243400000000
1502990901,4322.580000000000,2.483000000000
1502990901,4330.920000000000,0.076000000000
1502990901,4326.470000000000,2.317000000000
1502990902,4322.040000000000,0.200000000000
1502990902,4322.580000000000,2.516900000000
1502990913,4328.270000000000,0.003000000000
1502990926,4326.740000000000,0.059600000000
1502990946,4331.040000000000,0.009900000000
1502990948,4331.040000000000,2.086400000000
1502990949,4331.040000000000,0.211700000000
1502990980,4331.500000000000,0.015200000000
1502990995,4337.110000000000,0.001500000000
1502991028,4336.660000000000,2.307000000000
1502991097,4336.430000000000,2.406000000000
1502991097,4337.100000000000,2.084300000000
1502991150,4334.740000000000,0.007600000000
1502991179,4334.580000000000,0.007100000000
1502991217,4336.070000000000,0.015100000000
1502991308,4336.070000000000,0.684900000000
1502991309,4337.950000000000,0.100100000000
1502991309,4337.050000000000,2.310000000000
1502991318,4334.520000000000,2.734400000000
1502991319,4334.520000000000,2.165500000000
1502991489,4336.160000000000,0.017400000000
1502991535,4339.530000000000,0.015100000000
1502991542,4338.420000000000,2.366500000000
1502991556,4338.420000000000,0.015100000000
1502991568,4338.420000000000,0.008000000000
1502991579,4331.480000000000,0.176000000000
1502991580,4331.330000000000,0.020000000000
1502991592,4336.830000000000,0.029000000000
1502991592,4336.810000000000,0.024000000000
1502991630,4332.820000000000,0.002300000000
1502991664,4329.010000000000,0.004800000000
1502991668,4325.450000000000,0.780000000000
1502991720,4325.040000000000,0.028900000000
1502991766,4313.430000000000,0.113000000000
1502991799,4313.580000000000,0.066000000000
1502991823,4310.140000000000,0.028900000000
1502991845,4309.550000000000,0.002200000000
1502991878,4303.510000000000,0.002200000000
1502991916,4303.500000000000,2.000000000000
1502991917,4303.500000000000,0.376400000000
1502991980,4304.540000000000,0.068500000000
1502992015,4312.490000000000,0.046200000000
1502992032,4315.430000000000,0.002400000000
1502992093,4325.500000000000,2.252000000000
1502992093,4325.510000000000,0.600000000000
1502992094,4325.500000000000,0.060000000000
1502992128,4325.190000000000,0.100000000000
1502992150,4326.410000000000,0.042600000000
1502992170,4328.400000000000,0.001800000000
1502992228,4321.350000000000,0.100000000000
1502992254,4326.300000000000,0.012100000000
1502992261,4326.300000000000,0.001400000000
1502992291,4314.780000000000,0.024000000000
1502992291,4319.070000000000,2.514600000000
1502992292,4314.600000000000,2.461300000000
1502992297,4318.060000000000,0.101000000000
1502992312,4303.500000000000,0.172600000000
1502992318,4302.110000000000,0.010000000000
1502992338,4297.370000000000,0.000100000000
1502992339,4297.990000000000,0.230700000000
1502992339,4297.990000000000,2.097300000000
1502992424,4302.450000000000,0.008300000000
1502992463,4280.820000000000,4.296200000000
1502992463,4287.120000000000,2.528300000000
1502992463,4272.000000000000,0.250000000000
1502992463,4273.720000000000,8.412800000000
1502992464,4270.000000000000,3.407000000000
1502992464,4270.000000000000,2.970800000000
1502992464,4270.000000000000,2.227900000000
1502992464,4270.000000000000,1.567500000000
1502992464,4270.000000000000,4.339500000000
1502992489,4282.960000000000,0.010200000000
1502992494,4288.830000000000,0.010200000000
1502992536,4283.140000000000,0.079700000000
1502992541,4280.160000000000,0.099000000000
1502992543,4284.630000000000,0.003100000000
1502992558,4280.000000000000,2.425100000000
1502992559,4280.000000000000,2.574900000000
1502992565,4275.930000000000,2.365400000000
1502992565,4277.590000000000,0.000900000000
1502992583,4278.790000000000,2.596800000000
1502992584,4278.790000000000,2.402300000000
1502992591,4278.790000000000,0.465000000000
1502992591,4278.790000000000,0.465000000000
1502992591,4278.790000000000,0.465000000000
1502992591,4278.790000000000,0.465000000000
1502992592,4278.000000000000,0.170600000000
1502992592,4278.790000000000,0.465000000000
1502992592,4278.790000000000,0.465000000000
1502992592,4278.790000000000,0.465000000000
1502992629,4288.340000000000,0.078100000000
1502992629,4284.240000000000,0.200000000000
1502992645,4275.110000000000,0.004300000000
1502992667,4273.550000000000,0.100000000000
1502992667,4277.990000000000,0.026600000000
1502992670,4273.550000000000,0.034600000000
1502992680,4269.930000000000,2.070400000000
1502992680,4269.930000000000,2.016900000000
1502992681,4268.040000000000,1.624100000000
1502992681,4268.040000000000,0.506100000000
1502992681,4268.040000000000,2.868900000000
1502992681,4269.930000000000,0.912700000000
1502992682,4269.930000000000,0.465000000000
1502992685,4269.930000000000,0.013200000000
1502992685,4269.930000000000,2.513200000000
1502992686,4270.040000000000,0.000100000000
1502992686,4269.930000000000,0.250700000000
1502992686,4269.930000000000,1.757800000000
1502992693,4278.100000000000,0.009400000000
1502992720,4267.640000000000,2.778300000000
1502992721,4265.130000000000,2.212300000000
1502992721,4265.190000000000,0.009400000000
1502992731,4268.420000000000,0.004900000000
1502992733,4274.610000000000,0.100000000000
1502992742,4269.300000000000,0.005300000000
1502992746,4269.000000000000,0.600000000000
1502992764,4267.940000000000,0.100000000000
1502992797,4261.000000000000,5.000000000000
1502992798,4261.820000000000,0.417200000000
1502992802,4261.820000000000,0.005100000000
1502992805,4261.000000000000,0.002600000000
1502992814,4261.000000000000,4.997400000000
1502992815,4261.000000000000,0.002600000000
1502992817,4261.000000000000,0.057400000000
1502992820,4261.000000000000,0.043500000000
1502992826,4261.000000000000,0.149100000000
1502992826,4261.000000000000,0.651400000000
1502992840,4258.880000000000,0.006000000000
1502992874,4250.970000000000,3.109600000000
1502992891,4250.570000000000,0.051000000000
1502992928,4254.850000000000,0.013300000000
1502992933,4251.710000000000,1.849600000000
1502992933,4250.970000000000,0.042400000000
1502992933,4251.480000000000,0.108000000000
1502992945,4254.850000000000,0.041000000000
1502992946,4255.120000000000,0.004200000000
1502992947,4255.490000000000,0.005700000000
1502993043,4256.010000000000,0.010700000000
1502993053,4257.230000000000,0.021900000000
1502993056,4253.830000000000,1.258000000000
1502993056,4253.830000000000,1.710600000000
1502993057,4250.970000000000,1.931300000000
1502993057,4251.080000000000,0.100000000000
1502993063,4250.900000000000,4.999900000000
1502993064,4252.340000000000,0.030000000000
1502993066,4248.970000000000,2.095700000000
1502993066,4249.000000000000,0.800000000000
1502993066,4250.970000000000,0.000100000000
1502993067,4242.830000000000,0.030000000000
1502993067,4245.540000000000,2.350000000000
1502993078,4244.490000000000,0.040200000000
1502993096,4238.430000000000,0.005300000000
1502993102,4233.660000000000,0.026800000000
1502993116,4237.060000000000,0.002800000000
1502993116,4230.470000000000,0.469000000000
1502993116,4230.470000000000,0.470000000000
1502993120,4229.700000000000,2.058100000000
1502993124,4230.910000000000,0.132000000000
1502993128,4229.410000000000,0.055400000000
1502993177,4226.000000000000,0.016000000000
1502993179,4225.000000000000,0.020000000000
1502993179,4225.580000000000,0.049000000000
1502993191,4222.970000000000,0.000100000000
1502993204,4222.000000000000,0.002600000000
1502993243,4213.440000000000,2.119000000000
1502993245,4213.440000000000,0.105900000000
1502993245,4213.440000000000,2.775100000000
1502993250,4213.630000000000,0.021000000000
1502993284,4216.380000000000,0.200000000000
1502993305,4216.380000000000,0.056000000000
1502993306,4223.970000000000,1.589600000000
1502993307,4218.580000000000,1.352300000000
1502993312,4230.840000000000,2.100000000000
1502993324,4234.610000000000,0.003100000000
1502993324,4234.610000000000,0.014800000000
1502993344,4234.640000000000,0.600000000000
1502993345,4234.670000000000,0.100000000000
1502993346,4237.650000000000,0.100000000000
1502993355,4237.420000000000,0.200000000000
1502993362,4235.890000000000,2.356000000000
1502993363,4240.530000000000,0.257200000000
1502993364,4240.530000000000,0.031700000000
1502993365,4240.530000000000,0.028400000000
1502993365,4240.530000000000,0.092300000000
1502993365,4240.530000000000,0.671200000000
1502993366,4239.190000000000,0.014500000000
1502993366,4241.540000000000,0.366600000000
1502993391,4243.920000000000,3.269500000000
1502993391,4243.920000000000,0.110000000000
1502993392,4246.550000000000,1.620500000000
1502993419,4248.180000000000,0.004300000000
1502993422,4247.090000000000,3.104700000000
1502993423,4248.170000000000,1.958500000000
1502993423,4248.170000000000,2.006900000000
1502993436,4252.330000000000,0.800000000000
1502993440,4250.250000000000,0.002900000000
1502993441,4250.250000000000,0.929600000000
1502993449,4253.030000000000,0.002500000000
1502993461,4254.770000000000,0.467000000000
1502993472,4258.900000000000,0.001300000000
1502993475,4261.370000000000,0.000100000000
1502993476,4263.420000000000,0.199900000000
1502993523,4258.530000000000,0.200000000000
1502993565,4258.810000000000,0.214000000000
1502993568,4259.270000000000,0.038000000000
1502993583,4260.850000000000,0.200000000000
1502993628,4262.560000000000,0.024700000000
1502993629,4262.560000000000,0.000300000000
1502993630,4263.590000000000,0.004400000000
1502993645,4262.560000000000,0.038000000000
1502993646,4264.250000000000,0.162000000000
1502993680,4249.960000000000,0.000200000000
1502993684,4249.010000000000,2.680500000000
1502993685,4255.770000000000,2.319400000000
1502993700,4262.420000000000,0.040000000000
1502993701,4262.420000000000,0.300000000000
1502993701,4262.420000000000,0.280000000000
1502993704,4261.860000000000,0.000100000000
1502993709,4253.140000000000,0.466000000000
1502993709,4253.140000000000,0.467000000000
1502993709,4253.140000000000,0.467000000000
1502993709,4253.140000000000,0.465000000000
1502993718,4259.890000000000,0.100000000000
1502993727,4260.190000000000,2.501000000000
1502993728,4260.190000000000,0.715400000000
1502993728,4260.190000000000,1.783600000000
1502993738,4260.620000000000,0.073100000000
1502993739,4260.620000000000,1.000000000000
1502993751,4260.620000000000,1.184900000000
1502993752,4261.060000000000,0.100000000000
1502993752,4264.730000000000,2.564000000000
1502993758,4265.530000000000,2.947700000000
1502993787,4270.050000000000,2.763600000000
1502993788,4270.170000000000,0.450000000000
1502993795,4266.890000000000,0.147400000000
1502993797,4266.890000000000,0.449500000000
1502993799,4266.890000000000,1.313700000000
1502993800,4272.860000000000,0.989700000000
1502993802,4271.190000000000,0.013700000000
1502993803,4271.190000000000,1.923400000000
1502993820,4273.970000000000,0.003300000000
1502993839,4280.060000000000,0.058800000000
1502993855,4276.830000000000,0.036400000000
1502993869,4280.080000000000,0.002900000000
1502993890,4280.080000000000,0.009800000000
1502993906,4280.080000000000,0.045200000000
1502993955,4287.680000000000,2.744600000000
1502993956,4287.680000000000,2.255400000000
1502993966,4289.350000000000,0.003100000000
1502994068,4287.280000000000,0.002500000000
1502994071,4287.260000000000,0.129900000000
1502994071,4287.280000000000,0.462500000000
1502994088,4290.550000000000,0.007300000000
1502994098,4290.550000000000,0.006100000000
1502994147,4284.000000000000,0.347000000000
1502994153,4283.510000000000,0.004900000000
1502994193,4280.140000000000,1.700000000000
1502994193,4280.140000000000,0.052000000000
1502994218,4276.980000000000,0.100000000000
1502994255,4280.040000000000,0.058500000000
1502994257,4280.040000000000,0.003700000000
1502994271,4280.040000000000,0.066800000000
1502994273,4282.000000000000,0.068500000000
1502994299,4281.340000000000,0.002700000000
1502994309,4281.340000000000,0.004300000000
1502994329,4281.340000000000,0.004400000000
1502994358,4280.060000000000,0.003400000000
1502994368,4277.730000000000,0.007000000000
1502994410,4277.730000000000,0.061600000000
1502994414,4278.020000000000,0.056000000000
1502994425,4279.450000000000,0.578500000000
1502994431,4281.210000000000,0.039000000000
1502994444,4283.910000000000,0.022000000000
1502994549,4286.700000000000,0.008800000000
1502994562,4280.750000000000,0.080100000000
1502994574,4286.250000000000,0.026600000000
1502994593,4280.320000000000,0.800000000000
1502994650,4280.770000000000,0.015800000000
1502994709,4280.500000000000,0.382200000000
1502994783,4280.980000000000,0.069900000000
1502994784,4273.550000000000,2.640900000000
1502994784,4278.070000000000,0.200000000000
1502994784,4280.000000000000,5.000000000000
1502994785,4273.550000000000,2.159100000000
1502994788,4280.000000000000,0.100000000000
1502994857,4282.000000000000,0.014700000000
1502994898,4282.000000000000,0.500000000000
1502994974,4271.260000000000,0.011200000000
1502995004,4265.210000000000,0.004900000000
1502995009,4263.980000000000,2.378000000000
1502995010,4265.120000000000,0.100000000000
1502995010,4263.980000000000,0.312600000000
1502995010,4263.980000000000,2.304500000000
1502995011,4267.310000000000,0.100000000000
1502995016,4270.780000000000,0.002500000000
1502995016,4267.310000000000,0.028000000000
1502995037,4258.160000000000,0.012300000000
1502995057,4256.480000000000,0.100000000000
1502995065,4254.460000000000,0.502000000000
1502995080,4256.220000000000,0.081000000000
1502995080,4256.450000000000,1.919000000000
1502995119,4256.220000000000,0.116000000000
1502995120,4256.410000000000,0.884000000000
1502995123,4256.740000000000,0.002500000000
1502995132,4250.210000000000,0.055800000000
1502995154,4247.610000000000,0.100000000000
1502995154,4252.190000000000,0.400000000000
1502995161,4243.940000000000,1.645000000000
1502995168,4243.660000000000,0.001900000000
1502995182,4231.620000000000,0.104800000000
1502995184,4231.620000000000,0.318400000000
1502995189,4239.740000000000,0.006200000000
1502995192,4239.790000000000,0.006700000000
1502995196,4227.190000000000,2.136800000000
1502995196,4227.190000000000,2.175300000000
1502995197,4227.190000000000,0.429100000000
1502995219,4232.380000000000,0.001800000000
1502995225,4232.730000000000,0.004300000000
1502995240,4232.110000000000,0.162700000000
1502995249,4232.110000000000,0.022000000000
1502995269,4228.310000000000,0.786500000000
1502995311,4222.000000000000,2.093300000000
1502995311,4222.000000000000,2.683500000000
1502995315,4221.720000000000,0.000100000000
1502995323,4220.540000000000,0.200000000000
1502995362,4220.590000000000,0.059000000000
1502995362,4220.540000000000,0.038000000000
1502995408,4221.290000000000,0.056000000000
1502995423,4224.480000000000,2.364000000000
1502995434,4225.810000000000,0.097000000000
1502995444,4229.960000000000,0.200000000000
1502995448,4229.960000000000,0.013500000000
1502995453,4229.960000000000,0.021100000000
1502995461,4231.300000000000,0.001200000000
1502995470,4232.000000000000,2.337500000000
1502995476,4234.990000000000,0.003700000000
1502995491,4235.250000000000,0.002900000000
1502995504,4235.250000000000,0.200000000000
1502995505,4232.070000000000,2.360000000000
1502995506,4225.370000000000,0.230800000000
1502995506,4232.020000000000,2.159200000000
1502995506,4230.900000000000,0.250000000000
1502995510,4234.580000000000,0.006200000000
1502995522,4232.780000000000,1.330700000000
1502995546,4235.190000000000,0.001800000000
1502995552,4235.140000000000,0.005500000000
1502995553,4232.030000000000,0.100000000000
1502995583,4235.140000000000,0.007100000000
1502995602,4235.140000000000,0.004600000000
1502995618,4235.370000000000,0.042200000000
1502995728,4234.360000000000,0.031000000000
1502995751,4234.360000000000,0.013500000000
1502995766,4234.360000000000,0.031500000000
1502995767,4235.310000000000,0.366500000000
1502995786,4238.050000000000,0.054000000000
1502995786,4238.050000000000,0.059200000000
1502995796,4238.050000000000,0.002900000000
1502995805,4241.350000000000,0.000800000000
1502995988,4246.100000000000,0.008500000000
1502995988,4246.100000000000,0.012800000000
1502995994,4246.100000000000,0.002800000000
1502996001,4246.100000000000,0.001200000000
1502996053,4246.110000000000,0.012700000000
1502996077,4244.750000000000,0.007800000000
1502996198,4246.240000000000,0.002700000000
1502996240,4243.200000000000,2.336200000000
1502996316,4239.640000000000,0.000700000000
1502996364,4242.070000000000,0.008000000000
1502996370,4242.140000000000,0.053900000000
1502996389,4238.860000000000,0.010500000000
1502996394,4238.860000000000,0.003500000000
1502996397,4233.060000000000,0.040700000000
1502996398,4233.000000000000,2.203600000000
1502996415,4237.990000000000,0.018600000000
1502996436,4231.760000000000,0.059100000000
1502996455,4231.170000000000,0.001200000000
1502996464,4225.580000000000,0.020000000000
1502996470,4220.090000000000,0.146000000000
1502996479,4218.100000000000,0.100000000000
1502996479,4219.630000000000,0.008700000000
1502996512,4208.110000000000,0.009900000000
1502996517,4208.100000000000,3.000000000000
1502996519,4208.100000000000,0.500000000000
1502996521,4208.100000000000,0.020000000000
1502996522,4208.100000000000,0.020000000000
1502996522,4208.100000000000,0.164500000000
1502996523,4208.100000000000,4.295400000000
1502996525,4208.100000000000,1.500100000000
1502996528,4202.950000000000,2.368000000000
1502996529,4198.800000000000,2.281900000000
1502996529,4200.000000000000,0.250000000000
1502996529,4200.100000000000,0.100000000000
1502996539,4198.520000000000,0.001200000000
1502996552,4188.090000000000,0.000100000000
1502996552,4188.090000000000,0.097900000000
1502996554,4187.390000000000,0.000200000000
1502996557,4184.390000000000,1.854600000000
1502996558,4182.190000000000,1.737600000000
1502996558,4182.190000000000,1.250800000000
1502996576,4184.270000000000,0.474000000000
1502996580,4181.330000000000,0.098000000000
1502996581,4179.650000000000,0.239000000000
1502996581,4179.650000000000,0.830400000000
1502996584,4177.680000000000,0.200000000000
1502996590,4180.160000000000,0.007200000000
1502996593,4180.160000000000,2.384800000000
1502996594,4180.330000000000,0.800000000000
1502996597,4189.390000000000,0.200000000000
1502996597,4180.300000000000,0.216000000000
1502996599,4189.460000000000,0.398000000000
1502996605,4189.460000000000,0.709200000000
1502996606,4183.510000000000,0.026000000000
1502996625,4193.230000000000,3.410200000000
1502996625,4199.000000000000,1.589700000000
1502996629,4195.510000000000,0.027000000000
1502996644,4207.550000000000,0.200000000000
1502996651,4206.950000000000,0.000200000000
1502996656,4212.400000000000,0.037400000000
1502996660,4210.880000000000,0.327900000000
1502996660,4210.880000000000,0.148200000000
1502996661,4210.880000000000,0.293500000000
1502996669,4210.880000000000,0.669800000000
1502996685,4215.460000000000,0.000200000000
1502996692,4210.880000000000,0.500000000000
1502996692,4211.850000000000,2.375000000000
1502996695,4209.000000000000,0.098000000000
1502996704,4211.470000000000,0.200000000000
1502996704,4212.820000000000,0.100000000000
1502996704,4212.860000000000,2.369000000000
1502996721,4219.510000000000,0.053200000000
1502996780,4230.870000000000,2.270100000000
1502996781,4230.870000000000,0.091900000000
1502996799,4227.520000000000,2.366000000000
1502996850,4227.720000000000,0.029500000000
1502996851,4227.720000000000,0.020200000000
1502996853,4231.230000000000,0.013500000000
1502996914,4227.420000000000,2.366000000000
1502996924,4228.250000000000,0.132300000000
1502996927,4228.250000000000,0.058000000000
1502996932,4231.720000000000,1.350200000000
1502996940,4232.790000000000,1.368900000000
1502996942,4234.060000000000,2.553100000000
1502996942,4232.790000000000,0.996100000000
1502996950,4234.950000000000,2.099800000000
1502996950,4234.950000000000,0.036400000000
1502996951,4234.950000000000,0.221800000000
1502997011,4248.940000000000,2.352000000000
1502997011,4248.890000000000,0.000300000000
1502997061,4249.100000000000,0.159200000000
1502997061,4249.100000000000,2.193800000000
1502997104,4251.590000000000,0.600000000000
1502997133,4246.420000000000,0.040000000000
1502997138,4241.100000000000,0.200000000000
1502997145,4240.620000000000,0.012400000000
1502997151,4240.670000000000,0.073200000000
1502997151,4240.670000000000,2.282800000000
1502997169,4250.500000000000,0.067300000000
1502997187,4248.300000000000,0.026900000000
1502997216,4248.290000000000,0.001200000000
1502997225,4248.210000000000,0.005800000000
1502997225,4248.340000000000,0.002000000000
1502997238,4248.340000000000,0.037100000000
1502997250,4250.940000000000,0.037100000000
1502997308,4250.990000000000,2.627000000000
1502997309,4250.990000000000,2.300900000000
1502997326,4250.990000000000,2.934600000000
1502997338,4250.990000000000,0.025300000000
1502997361,4250.990000000000,0.600000000000
1502997403,4245.650000000000,2.351000000000
1502997405,4242.040000000000,2.322600000000
1502997405,4242.740000000000,0.031400000000
1502997422,4242.520000000000,0.093000000000
1502997426,4246.980000000000,0.001200000000
1502997430,4247.030000000000,0.080800000000
1502997482,4247.030000000000,0.005700000000
1502997537,4243.610000000000,1.000000000000
1502997541,4242.920000000000,0.002100000000
1502997551,4242.920000000000,0.032000000000
1502997552,4244.260000000000,1.815600000000
1502997552,4244.260000000000,0.540400000000
1502997565,4249.280000000000,0.521600000000
1502997578,4248.270000000000,0.034000000000
1502997579,4249.330000000000,0.078300000000
1502997581,4248.830000000000,0.041000000000
1502997612,4250.990000000000,0.012200000000
1502997636,4259.550000000000,0.002500000000
1502997641,4259.540000000000,2.261700000000
1502997642,4259.500000000000,1.000000000000
1502997646,4259.720000000000,0.000100000000
1502997656,4267.310000000000,0.464000000000
1502997657,4267.260000000000,0.260600000000
1502997657,4267.260000000000,2.083400000000
1502997658,4264.720000000000,0.465000000000
1502997659,4264.720000000000,0.463000000000
1502997660,4264.720000000000,0.463000000000
1502997661,4264.720000000000,0.464000000000
1502997661,4264.720000000000,0.464000000000
1502997662,4267.260000000000,0.464000000000
1502997663,4261.580000000000,0.089600000000
1502997669,4268.540000000000,2.184700000000
1502997670,4268.540000000000,0.156300000000
1502997670,4271.320000000000,0.100000000000
1502997685,4275.050000000000,0.002600000000
1502997692,4271.640000000000,1.746900000000
1502997693,4271.590000000000,1.041900000000
1502997693,4271.640000000000,0.591100000000
1502997694,4271.590000000000,1.958100000000
1502997714,4274.070000000000,0.005600000000
1502997721,4276.810000000000,0.004300000000
1502997723,4276.810000000000,2.331700000000
1502997764,4286.160000000000,0.019900000000
1502997767,4286.160000000000,0.005300000000
1502997797,4284.970000000000,0.004900000000
1502997816,4281.680000000000,0.026400000000
1502997839,4281.010000000000,0.000700000000
1502997854,4283.150000000000,2.052800000000
1502997862,4287.000000000000,0.001200000000
1502997868,4286.900000000000,0.002400000000
1502997873,4284.130000000000,0.000600000000
1502997886,4280.320000000000,0.255100000000
1502997886,4280.320000000000,2.485900000000
1502997889,4284.030000000000,0.004900000000
1502997933,4271.080000000000,2.344000000000
1502997960,4271.610000000000,0.096100000000
1502998061,4275.540000000000,2.277800000000
1502998062,4275.540000000000,0.062200000000
1502998068,4285.830000000000,0.623100000000
1502998068,4285.830000000000,1.710900000000
1502998091,4280.120000000000,0.002900000000
1502998093,4287.120000000000,2.334000000000
1502998109,4291.110000000000,0.004900000000
1502998117,4290.590000000000,0.018800000000
1502998129,4290.640000000000,0.005300000000
1502998161,4285.940000000000,1.996500000000
1502998161,4285.940000000000,0.339500000000
1502998167,4287.230000000000,1.922400000000
1502998168,4287.230000000000,0.409600000000
1502998304,4294.000000000000,0.017100000000
