1490037332,1046.110000000000,8.048700000000
1490037335,1046.090000000000,8.382300000000
1490037339,1046.050000000000,8.204200000000
1490037342,1046.030000000000,8.100100000000
1490037346,1045.850000000000,8.657700000000
1490037353,1045.740000000000,8.670500000000
1490037360,1045.740000000000,8.121400000000
1490037363,1045.810000000000,8.629800000000
1490037367,1045.770000000000,8.249000000000
1490037370,1045.650000000000,8.855300000000
1490037374,1045.620000000000,7.882600000000
1490037377,1045.610000000000,8.750100000000
1490037525,1045.300000000000,0.004600000000
1490037766,1045.770000000000,0.010000000000
1490038158,1045.740000000000,0.017900000000
1490038185,1044.960000000000,0.004600000000
1490038852,1037.540000000000,0.005200000000
1490038878,1037.940000000000,0.027000000000
1490038964,1035.640000000000,0.477000000000
1490038964,1035.640000000000,0.477000000000
1490038964,1035.640000000000,0.477000000000
1490038965,1035.640000000000,0.477000000000
1490038965,1035.640000000000,0.477000000000
1490038965,1035.640000000000,0.477000000000
1490038965,1035.640000000000,0.477000000000
1490038965,1035.640000000000,0.477000000000
1490038966,1035.640000000000,0.477000000000
1490038966,1035.640000000000,0.477000000000
1490038974,1035.000000000000,0.060000000000
1490039001,1034.310000000000,1.000000000000
1490039050,1033.810000000000,0.100000000000
1490039050,1033.800000000000,5.045700000000
1490039063,1033.510000000000,0.088700000000
1490039073,1032.560000000000,0.100000000000
1490039145,1031.060000000000,0.010000000000
1490039147,1031.060000000000,0.090000000000
1490039148,1031.070000000000,2.909000000000
1490039172,1032.210000000000,0.100000000000
1490039195,1031.880000000000,0.100000000000
1490039216,1030.610000000000,0.000400000000
1490039229,1029.540000000000,1.400000000000
1490039271,1028.380000000000,0.434600000000
1490039409,1031.070000000000,0.110000000000
1490039486,1033.130000000000,2.500000000000
1490039495,1033.570000000000,2.500000000000
1490039501,1033.590000000000,2.500000000000
1490039546,1033.640000000000,2.500000000000
1490039551,1033.590000000000,0.076000000000
1490039552,1033.570000000000,2.424000000000
1490039557,1033.560000000000,2.500000000000
1490039570,1034.410000000000,2.500000000000
1490039575,1035.530000000000,2.500000000000
1490039714,1034.060000000000,0.474000000000
1490039714,1034.060000000000,0.474000000000
1490039714,1034.060000000000,0.474000000000
1490039715,1033.900000000000,0.475000000000
1490039715,1034.060000000000,0.475000000000
1490039716,1033.900000000000,0.475000000000
1490039716,1033.900000000000,0.475000000000
1490039720,1034.060000000000,0.475000000000
1490039720,1034.060000000000,0.474000000000
1490039720,1034.060000000000,0.475000000000
1490039892,1035.510000000000,0.200600000000
1490039955,1034.970000000000,0.900000000000
1490039985,1033.490000000000,0.094400000000
1490040002,1034.220000000000,1.200000000000
1490040195,1035.350000000000,7.347400000000
1490040195,1035.340000000000,2.903000000000
1490040258,1035.360000000000,0.041300000000
1490040438,1034.460000000000,0.500000000000
1490040474,1034.420000000000,5.100000000000
1490040475,1034.430000000000,4.900000000000
1490040503,1034.440000000000,0.000100000000
1490040560,1034.390000000000,0.379000000000
1490040574,1034.390000000000,0.158100000000
1490040773,1034.910000000000,0.066600000000
1490041164,1035.950000000000,0.046200000000
1490041184,1035.950000000000,7.238600000000
1490041184,1035.950000000000,6.944100000000
1490041242,1035.950000000000,3.040400000000
1490041242,1035.960000000000,5.000000000000
1490041243,1035.950000000000,2.776900000000
1490041265,1034.900000000000,0.024900000000
1490041532,1035.840000000000,0.386100000000
1490041532,1035.830000000000,2.891000000000
1490041560,1035.840000000000,0.020000000000
1490041573,1035.840000000000,0.043300000000
1490041579,1035.840000000000,0.144200000000
1490041589,1035.840000000000,0.052000000000
1490041593,1035.840000000000,0.043300000000
1490041597,1035.840000000000,0.013000000000
1490041632,1035.830000000000,2.890000000000
1490041645,1035.830000000000,0.000100000000
1490041652,1035.830000000000,0.330800000000
1490041652,1035.830000000000,6.779100000000
1490041664,1035.510000000000,0.024200000000
1490041673,1035.500000000000,0.004300000000
1490041733,1035.490000000000,0.017300000000
1490041751,1034.770000000000,3.500000000000
1490041751,1034.780000000000,5.000000000000
1490041775,1035.480000000000,0.006100000000
1490041808,1035.480000000000,0.019900000000
1490041835,1035.480000000000,0.012100000000
1490041849,1035.480000000000,0.040700000000
1490041877,1035.490000000000,0.002600000000
1490041957,1035.480000000000,0.008700000000
1490041974,1035.470000000000,0.021700000000
1490042040,1035.460000000000,0.169900000000
1490042040,1035.460000000000,0.013000000000
1490042044,1035.460000000000,0.059700000000
1490042052,1035.460000000000,1.817700000000
1490042061,1035.470000000000,0.005200000000
1490042074,1035.460000000000,0.013000000000
1490042165,1035.470000000000,0.026000000000
1490042183,1035.470000000000,0.019900000000
1490042214,1035.470000000000,0.004300000000
1490042228,1035.470000000000,0.082200000000
1490042297,1035.800000000000,0.017300000000
1490042307,1035.800000000000,0.019900000000
1490042338,1035.800000000000,0.018200000000
1490042342,1035.800000000000,0.019000000000
1490042363,1035.800000000000,0.034600000000
1490042373,1035.360000000000,0.010600000000
1490042400,1035.800000000000,0.005200000000
1490042408,1035.800000000000,0.021600000000
1490042409,1035.360000000000,2.500000000000
1490042416,1035.360000000000,2.500000000000
1490042454,1035.360000000000,2.500000000000
1490042518,1035.440000000000,0.447900000000
1490042525,1035.450000000000,0.021600000000
1490042550,1035.440000000000,0.247300000000
1490042597,1035.440000000000,0.025900000000
1490042604,1034.800000000000,2.500000000000
1490042613,1035.440000000000,0.034600000000
1490042614,1034.800000000000,2.500000000000
1490042626,1035.170000000000,0.119300000000
1490042629,1035.170000000000,0.039800000000
1490042633,1035.160000000000,0.015600000000
1490042668,1034.520000000000,2.500000000000
1490042675,1034.370000000000,2.500000000000
1490042683,1034.460000000000,2.500000000000
1490042693,1034.650000000000,0.011500000000
1490042707,1033.790000000000,5.000000000000
1490042708,1033.090000000000,0.016400000000
1490042744,1032.540000000000,0.079600000000
1490042763,1032.310000000000,0.016000000000
1490042772,1032.310000000000,0.017400000000
1490042781,1032.310000000000,0.019100000000
1490042792,1031.920000000000,0.475000000000
1490042792,1031.920000000000,0.475000000000
1490042792,1031.920000000000,0.474000000000
1490042792,1031.920000000000,0.474000000000
1490042793,1031.920000000000,0.474000000000
1490042793,1031.920000000000,0.472000000000
1490042793,1031.920000000000,0.474000000000
1490042793,1031.920000000000,0.474000000000
1490042793,1031.920000000000,0.472000000000
1490042793,1031.920000000000,0.474000000000
1490042803,1031.790000000000,0.112900000000
1490042813,1030.700000000000,0.000100000000
1490042882,1028.930000000000,0.008700000000
1490042917,1028.920000000000,0.043500000000
1490042984,1028.010000000000,0.008700000000
1490043046,1027.740000000000,0.008700000000
1490043067,1027.740000000000,0.008700000000
1490043128,1027.510000000000,0.067300000000
1490043128,1027.530000000000,5.000000000000
1490043129,1027.560000000000,5.000000000000
1490043129,1027.560000000000,3.169400000000
1490043130,1027.590000000000,5.000000000000
1490043130,1027.500000000000,1.830600000000
1490043131,1027.500000000000,5.000000000000
1490043144,1028.420000000000,0.026200000000
1490043176,1028.410000000000,0.017400000000
1490043192,1028.410000000000,0.005200000000
1490043231,1028.720000000000,0.029600000000
1490043238,1028.730000000000,4.214000000000
1490043238,1028.720000000000,4.970400000000
1490043268,1028.290000000000,0.000600000000
1490043268,1028.290000000000,0.048800000000
1490043269,1028.290000000000,0.000500000000
1490043313,1030.000000000000,0.034800000000
1490043353,1030.000000000000,0.035700000000
1490043387,1029.010000000000,0.031300000000
1490043398,1029.000000000000,0.020000000000
1490043417,1028.680000000000,0.034800000000
1490043435,1029.000000000000,0.087000000000
1490043506,1029.000000000000,0.069600000000
1490043529,1029.000000000000,0.020000000000
1490043531,1029.000000000000,0.046900000000
1490043550,1028.990000000000,0.026100000000
1490043562,1028.990000000000,0.045300000000
1490043680,1028.660000000000,0.000200000000
1490043680,1028.660000000000,0.000100000000
1490043681,1028.660000000000,0.032400000000
1490043695,1029.910000000000,0.013900000000
1490043709,1029.900000000000,0.191400000000
1490043725,1029.900000000000,0.034800000000
1490043773,1029.900000000000,0.043500000000
1490043785,1029.910000000000,0.017400000000
1490043808,1029.900000000000,0.017400000000
1490043812,1029.900000000000,0.029600000000
1490043834,1029.900000000000,0.021700000000
1490043918,1029.900000000000,0.087000000000
1490043975,1029.900000000000,0.017400000000
1490043993,1030.570000000000,0.033600000000
1490044012,1030.560000000000,0.013000000000
1490044021,1030.560000000000,0.032200000000
1490044069,1030.560000000000,0.001000000000
1490044082,1031.150000000000,0.043500000000
1490044091,1031.150000000000,0.008700000000
1490044116,1030.340000000000,0.000100000000
1490044117,1030.340000000000,0.004600000000
1490044117,1030.340000000000,0.000200000000
1490044118,1030.340000000000,0.000100000000
1490044125,1030.840000000000,0.060800000000
1490044136,1031.130000000000,0.034700000000
1490044144,1031.130000000000,0.034700000000
1490044164,1031.130000000000,0.013000000000
1490044187,1030.660000000000,0.043400000000
1490044208,1030.650000000000,0.026000000000
1490044236,1030.650000000000,0.274000000000
1490044239,1031.710000000000,0.031300000000
1490044376,1031.340000000000,0.011500000000
1490044384,1031.330000000000,0.079000000000
1490044419,1030.930000000000,0.094300000000
1490044445,1030.940000000000,0.013000000000
1490044456,1030.940000000000,0.004300000000
1490044506,1030.310000000000,0.005300000000
1490044506,1030.310000000000,0.000200000000
1490044508,1031.090000000000,0.034700000000
1490044548,1031.000000000000,0.017400000000
1490044556,1030.220000000000,2.912000000000
1490044557,1029.940000000000,8.365300000000
1490044557,1030.200000000000,2.500000000000
1490044557,1030.000000000000,5.000000000000
1490044557,1028.750000000000,61.222700000000
1490044583,1030.950000000000,0.168600000000
1490044586,1030.950000000000,0.023500000000
1490044723,1030.990000000000,5.000000000000
1490044724,1031.000000000000,0.012100000000
1490044724,1031.500000000000,4.218800000000
1490044724,1031.490000000000,2.907000000000
1490044761,1031.710000000000,0.032800000000
1490044876,1032.940000000000,0.001800000000
1490044877,1032.940000000000,0.048500000000
1490044908,1033.610000000000,7.857700000000
1490044909,1035.300000000000,5.160600000000
1490044938,1034.050000000000,0.147500000000
1490044956,1034.050000000000,0.064900000000
1490044992,1034.050000000000,0.009500000000
1490045066,1035.430000000000,0.010400000000
1490045173,1036.400000000000,0.042200000000
1490045190,1036.660000000000,0.501400000000
1490045196,1036.660000000000,0.010000000000
1490045205,1036.660000000000,0.021600000000
1490045225,1037.360000000000,0.038900000000
1490045234,1037.360000000000,0.707000000000
1490045259,1037.360000000000,0.172700000000
1490045450,1039.390000000000,0.287000000000
1490045450,1039.390000000000,0.279400000000
1490045450,1039.390000000000,0.287000000000
1490045450,1039.390000000000,3.000000000000
1490045450,1039.390000000000,0.287000000000
1490045450,1039.390000000000,2.871000000000
1490045451,1039.390000000000,0.287000000000
1490045451,1039.390000000000,0.287000000000
1490045451,1039.390000000000,0.007600000000
1490045451,1039.390000000000,0.287000000000
1490045451,1039.390000000000,0.287000000000
1490045451,1039.390000000000,0.287000000000
1490045452,1039.390000000000,0.287000000000
1490045727,1040.000000000000,0.050000000000
1490045729,1039.530000000000,2.872000000000
1490045752,1039.770000000000,0.004200000000
1490045781,1040.640000000000,5.000000000000
1490045782,1040.650000000000,7.024600000000
1490045782,1040.650000000000,7.148100000000
1490045782,1040.650000000000,8.449500000000
1490045827,1043.330000000000,0.017200000000
1490045861,1043.040000000000,0.291000000000
1490045862,1043.040000000000,0.291000000000
1490045862,1043.040000000000,0.291000000000
1490045862,1043.040000000000,0.291000000000
1490045862,1043.040000000000,0.291000000000
1490045862,1043.040000000000,0.291000000000
1490045862,1043.040000000000,0.291000000000
1490045862,1043.040000000000,0.291000000000
1490045863,1043.040000000000,0.467000000000
1490045863,1043.040000000000,0.467000000000
1490045863,1043.040000000000,0.291000000000
1490045863,1043.040000000000,0.468000000000
1490045863,1043.040000000000,0.465000000000
1490045863,1043.040000000000,0.467000000000
1490045864,1043.020000000000,1.742700000000
1490045864,1043.020000000000,1.123300000000
1490045864,1043.040000000000,0.468000000000
1490045864,1043.040000000000,0.467000000000
1490045864,1043.040000000000,0.467000000000
1490045864,1043.040000000000,0.465000000000
1490045864,1043.040000000000,0.467000000000
1490045865,1042.840000000000,2.500000000000
1490045877,1042.790000000000,5.000000000000
1490045880,1042.950000000000,7.056500000000
1490045881,1042.950000000000,7.947500000000
1490045881,1042.950000000000,7.697800000000
1490045881,1042.950000000000,6.888700000000
1490045882,1042.950000000000,5.409500000000
1490045920,1043.920000000000,0.017200000000
1490045953,1043.910000000000,0.011200000000
1490045991,1044.610000000000,0.017200000000
1490046004,1044.610000000000,4.382800000000
1490046005,1044.910000000000,0.500000000000
1490046005,1045.000000000000,8.149100000000
1490046006,1045.000000000000,8.404300000000
1490046006,1045.000000000000,7.886400000000
1490046104,1045.000000000000,8.756700000000
1490046105,1045.000000000000,7.583400000000
1490046106,1045.000000000000,7.933900000000
1490046106,1045.000000000000,7.903000000000
1490046108,1045.000000000000,0.019800000000
1490046149,1044.930000000000,0.160200000000
1490046158,1045.000000000000,0.018000000000
1490046205,1045.000000000000,8.068100000000
1490046206,1045.000000000000,8.022200000000
1490046206,1045.000000000000,8.227000000000
1490046206,1045.000000000000,7.877000000000
1490046206,1045.000000000000,8.374700000000
1490046207,1045.000000000000,2.776400000000
1490046227,1045.610000000000,0.010300000000
1490046241,1045.610000000000,0.012900000000
1490046323,1045.580000000000,0.021500000000
1490046332,1045.580000000000,0.004300000000
1490046368,1045.580000000000,0.042900000000
1490046376,1045.530000000000,0.008600000000
1490046380,1045.530000000000,0.111700000000
1490046429,1044.920000000000,0.099900000000
1490046431,1044.920000000000,0.043200000000
1490046443,1046.630000000000,0.017100000000
1490046474,1045.230000000000,0.017200000000
1490046480,1044.680000000000,2.267700000000
1490046480,1044.680000000000,0.232300000000
1490046480,1044.680000000000,5.000000000000
1490046481,1044.670000000000,5.000000000000
1490046595,1044.390000000000,0.042900000000
1490046610,1044.000000000000,7.527800000000
1490046618,1044.080000000000,0.034400000000
1490046646,1044.000000000000,0.007700000000
1490046646,1044.000000000000,0.000200000000
1490046647,1044.000000000000,0.000300000000
1490046647,1044.000000000000,0.005200000000
1490046658,1044.410000000000,0.245200000000
1490046674,1044.410000000000,0.037800000000
1490046676,1044.410000000000,4.717000000000
1490046676,1044.460000000000,2.500000000000
1490046676,1044.600000000000,5.000000000000
1490046736,1044.020000000000,4.913600000000
1490046736,1044.030000000000,2.857000000000
1490046737,1044.020000000000,0.086400000000
1490046737,1044.000000000000,8.360500000000
1490046779,1044.720000000000,0.015800000000
1490046810,1045.260000000000,0.261500000000
1490046828,1045.270000000000,0.051500000000
1490046879,1044.000000000000,3.273900000000
1490046879,1044.010000000000,5.000000000000
1490046882,1044.040000000000,0.008600000000
1490046890,1044.040000000000,0.002600000000
1490046899,1044.290000000000,0.025800000000
1490046961,1044.400000000000,2.083300000000
1490046982,1044.400000000000,0.019800000000
1490046986,1044.400000000000,0.014000000000
1490047007,1044.400000000000,0.292100000000
1490047012,1044.020000000000,0.466000000000
1490047012,1044.020000000000,5.000000000000
1490047013,1044.020000000000,0.466000000000
1490047014,1044.020000000000,0.466000000000
1490047014,1044.020000000000,0.466000000000
1490047014,1044.020000000000,0.465000000000
1490047015,1044.020000000000,0.466000000000
1490047015,1044.020000000000,0.468000000000
1490047015,1044.020000000000,0.467000000000
1490047016,1044.000000000000,30.824400000000
1490047016,1044.020000000000,0.466000000000
1490047016,1044.020000000000,0.465000000000
1490047017,1043.990000000000,0.089500000000
1490047017,1043.960000000000,2.500000000000
1490047017,1043.410000000000,6.925100000000
1490047022,1044.220000000000,0.015800000000
1490047030,1044.210000000000,0.051500000000
1490047058,1043.380000000000,5.000000000000
1490047059,1043.380000000000,0.467000000000
1490047059,1043.380000000000,0.465000000000
1490047059,1043.380000000000,2.500000000000
1490047060,1043.380000000000,0.467000000000
1490047060,1043.380000000000,0.465000000000
1490047060,1043.380000000000,0.467000000000
1490047061,1043.380000000000,0.466000000000
1490047061,1043.380000000000,0.467000000000
1490047061,1043.380000000000,0.467000000000
1490047062,1041.820000000000,29.487300000000
1490047062,1043.380000000000,0.468000000000
1490047062,1043.370000000000,8.345700000000
1490047062,1043.380000000000,0.468000000000
1490047101,1043.920000000000,0.017200000000
1490047113,1043.900000000000,0.066000000000
1490047125,1043.270000000000,0.012700000000
1490047126,1043.270000000000,0.062600000000
1490047126,1043.270000000000,0.001000000000
1490047127,1043.270000000000,0.053000000000
1490047127,1043.270000000000,0.000200000000
1490047128,1043.270000000000,0.000100000000
1490047143,1043.360000000000,0.030800000000
1490047184,1043.340000000000,0.012900000000
1490047204,1043.720000000000,0.163800000000
1490047235,1043.710000000000,0.031700000000
1490047256,1043.710000000000,0.034400000000
1490047270,1044.030000000000,0.025800000000
1490047274,1044.020000000000,0.257700000000
1490047294,1044.020000000000,0.008600000000
1490047352,1043.260000000000,2.500000000000
1490047352,1043.300000000000,7.320600000000
1490047353,1043.070000000000,2.500000000000
1490047353,1043.070000000000,2.479400000000
1490047394,1043.970000000000,0.100600000000
1490047407,1043.970000000000,0.026000000000
1490047417,1044.150000000000,0.015900000000
1490047462,1043.950000000000,0.021500000000
1490047503,1043.950000000000,0.037800000000
1490047564,1043.950000000000,0.015500000000
1490047568,1043.950000000000,0.030900000000
1490047571,1043.950000000000,0.128900000000
1490047578,1043.400000000000,0.009600000000
1490047579,1043.400000000000,0.005200000000
1490047579,1043.400000000000,1.132900000000
1490047604,1043.950000000000,0.008600000000
1490047709,1044.300000000000,0.034400000000
1490047722,1044.300000000000,0.171800000000
1490047795,1045.080000000000,0.017200000000
1490047857,1045.090000000000,0.021500000000
1490047879,1045.470000000000,0.020600000000
1490047902,1045.290000000000,0.187300000000
1490047902,1045.290000000000,0.280400000000
1490047903,1045.290000000000,0.340700000000
1490047903,1045.290000000000,0.280600000000
1490047908,1045.290000000000,0.055000000000
1490047958,1045.290000000000,0.023200000000
1490047997,1045.290000000000,0.085900000000
1490048023,1045.290000000000,0.035200000000
1490048200,1044.990000000000,0.343300000000
1490048270,1045.470000000000,0.039500000000
1490048297,1044.820000000000,0.467000000000
1490048298,1044.820000000000,0.466000000000
1490048298,1044.820000000000,0.465000000000
1490048298,1044.820000000000,0.467000000000
1490048298,1044.820000000000,0.467000000000
1490048298,1044.820000000000,0.430000000000
1490048298,1044.820000000000,0.465000000000
1490048298,1044.820000000000,0.468000000000
1490048299,1044.820000000000,0.467000000000
1490048299,1044.820000000000,0.468000000000
1490048299,1044.800000000000,1.933100000000
1490048299,1044.800000000000,3.066900000000
1490048299,1044.530000000000,2.500000000000
1490048441,1044.760000000000,7.549900000000
1490048442,1044.760000000000,8.017200000000
1490048442,1044.760000000000,8.611300000000
1490048442,1044.760000000000,7.436100000000
1490048443,1044.760000000000,8.380400000000
1490048517,1045.270000000000,0.062700000000
1490048522,1045.270000000000,0.017200000000
1490048556,1045.270000000000,0.017200000000
1490048625,1044.760000000000,1.005100000000
1490048646,1044.830000000000,0.034300000000
1490048663,1044.830000000000,0.038600000000
1490048673,1044.830000000000,0.197400000000
1490048763,1044.240000000000,0.039500000000
1490048796,1044.300000000000,0.034300000000
1490048860,1044.300000000000,0.034300000000
1490049018,1043.560000000000,0.051500000000
1490049057,1043.560000000000,0.343700000000
1490049060,1043.560000000000,0.028400000000
1490049084,1043.560000000000,0.042900000000
1490049109,1043.560000000000,0.012900000000
1490049153,1043.560000000000,4.520600000000
1490049154,1043.670000000000,1.405300000000
1490049154,1043.670000000000,2.868000000000
1490049159,1043.660000000000,0.060100000000
1490049176,1043.660000000000,0.210400000000
1490049182,1043.660000000000,0.034400000000
1490049199,1043.660000000000,0.120300000000
1490049202,1043.660000000000,0.013700000000
1490049260,1043.780000000000,2.128100000000
1490049260,1043.690000000000,3.000000000000
1490049260,1043.660000000000,3.155800000000
1490049262,1043.680000000000,0.128700000000
1490049294,1044.090000000000,0.042900000000
1490049298,1043.530000000000,0.052600000000
1490049306,1044.090000000000,0.034400000000
1490049368,1044.710000000000,0.042900000000
1490049373,1044.710000000000,0.034400000000
1490049387,1044.710000000000,0.001700000000
1490049423,1044.710000000000,0.019800000000
1490049592,1044.710000000000,0.041100000000
1490049600,1044.710000000000,4.750000000000
1490049610,1044.750000000000,0.016100000000
1490049634,1044.750000000000,0.013700000000
1490049678,1044.750000000000,0.055000000000
1490049694,1044.380000000000,0.094500000000
1490049719,1044.700000000000,0.249100000000
1490049729,1044.700000000000,0.015500000000
1490049783,1044.700000000000,0.008600000000
1490049818,1044.690000000000,0.017200000000
1490049854,1044.690000000000,0.128900000000
1490049860,1044.690000000000,0.049800000000
1490049871,1044.690000000000,0.042900000000
1490049893,1043.750000000000,0.227800000000
1490049983,1044.340000000000,0.015500000000
1490050011,1044.340000000000,0.034400000000
1490050012,1043.750000000000,0.298000000000
1490050012,1043.750000000000,0.298000000000
1490050012,1043.750000000000,0.298000000000
1490050012,1043.750000000000,0.298000000000
1490050012,1043.750000000000,0.298000000000
1490050013,1043.750000000000,0.298000000000
1490050013,1043.750000000000,0.298000000000
1490050013,1043.750000000000,0.469000000000
1490050013,1043.750000000000,0.298000000000
1490050013,1043.750000000000,0.468000000000
1490050013,1043.750000000000,0.298000000000
1490050014,1043.750000000000,0.470000000000
1490050014,1043.750000000000,0.467000000000
1490050014,1043.750000000000,0.467000000000
1490050014,1043.750000000000,0.469000000000
1490050014,1043.750000000000,0.468000000000
1490050014,1043.750000000000,0.468000000000
1490050014,1043.750000000000,0.467000000000
1490050015,1043.750000000000,0.467000000000
1490050015,1043.640000000000,0.418500000000
1490050055,1044.320000000000,0.010300000000
1490050061,1044.320000000000,0.171800000000
1490050062,1043.720000000000,7.722700000000
1490050080,1043.720000000000,0.064500000000
1490050122,1043.720000000000,0.009400000000
1490050135,1043.330000000000,0.004800000000
1490050182,1043.720000000000,0.060100000000
1490050192,1043.720000000000,0.008600000000
1490050236,1043.720000000000,0.017200000000
1490050240,1043.720000000000,0.008600000000
1490050254,1043.720000000000,0.108900000000
1490050255,1043.750000000000,5.000000000000
1490050255,1043.720000000000,5.000000000000
1490050347,1044.640000000000,0.085900000000
1490050376,1044.540000000000,0.030100000000
1490050436,1044.420000000000,0.008600000000
1490050458,1043.820000000000,2.500000000000
1490050458,1043.480000000000,7.344200000000
1490050459,1043.420000000000,2.876000000000
1490050459,1042.000000000000,7.899300000000
1490050459,1042.000000000000,0.681000000000
1490050459,1042.780000000000,5.000000000000
1490050460,1042.000000000000,7.465100000000
1490050460,1042.000000000000,8.271200000000
1490050460,1042.000000000000,7.732100000000
1490050460,1042.000000000000,8.389600000000
1490050460,1042.000000000000,7.533300000000
1490050461,1042.000000000000,3.184600000000
1490050461,1042.000000000000,8.123600000000
1490050463,1043.090000000000,5.000000000000
1490050464,1043.030000000000,5.000000000000
1490050507,1042.950000000000,2.500000000000
1490050508,1042.840000000000,2.500000000000
1490050509,1042.900000000000,2.500000000000
1490050509,1042.820000000000,2.500000000000
1490050510,1042.820000000000,2.500000000000
1490050528,1043.080000000000,0.051500000000
1490050563,1043.510000000000,0.036000000000
1490050569,1043.660000000000,0.009400000000
1490050574,1043.650000000000,0.008600000000
1490050588,1044.350000000000,0.017200000000
1490050615,1043.730000000000,2.500000000000
1490050616,1043.720000000000,2.500000000000
1490050618,1043.730000000000,2.500000000000
1490050619,1043.730000000000,2.500000000000
1490050620,1043.730000000000,1.000000000000
1490050650,1043.360000000000,0.018900000000
1490050671,1043.180000000000,0.008600000000
1490050680,1043.180000000000,0.010300000000
1490050696,1043.180000000000,0.019700000000
1490050765,1043.150000000000,0.017200000000
1490050802,1042.810000000000,0.000100000000
1490050802,1042.810000000000,0.007800000000
1490050804,1043.150000000000,0.019800000000
1490050902,1042.990000000000,0.150400000000
1490051023,1042.850000000000,0.295000000000
1490051023,1042.850000000000,0.303000000000
1490051023,1042.850000000000,0.470000000000
1490051023,1042.850000000000,0.469000000000
1490051023,1042.850000000000,2.830000000000
1490051023,1042.850000000000,0.303000000000
1490051024,1042.500000000000,2.230800000000
1490051024,1042.850000000000,0.468000000000
1490051024,1042.850000000000,0.303000000000
1490051039,1042.530000000000,0.009500000000
1490051084,1042.530000000000,0.010000000000
1490051114,1042.530000000000,0.017200000000
1490051125,1042.530000000000,0.008600000000
1490051157,1041.470000000000,5.000000000000
1490051179,1041.390000000000,0.021500000000
1490051208,1040.650000000000,2.377800000000
1490051219,1040.390000000000,0.040400000000
1490051310,1039.850000000000,0.103300000000
1490051327,1039.810000000000,0.013800000000
1490051331,1039.800000000000,0.012900000000
1490051361,1039.700000000000,0.025000000000
1490051381,1039.700000000000,0.034500000000
1490051394,1039.710000000000,0.307700000000
1490051394,1039.870000000000,5.000000000000
1490051394,1039.710000000000,2.751300000000
1490051394,1039.700000000000,4.940500000000
1490051395,1039.790000000000,2.500000000000
1490051395,1039.850000000000,5.000000000000
1490051396,1039.720000000000,2.500000000000
1490051396,1039.790000000000,5.000000000000
1490051396,1039.720000000000,5.000000000000
1490051397,1039.720000000000,0.335700000000
1490051397,1039.710000000000,2.164300000000
1490051417,1040.290000000000,0.103300000000
1490051521,1040.990000000000,0.004300000000
1490051597,1041.330000000000,0.010300000000
1490051623,1041.330000000000,0.019800000000
1490051666,1040.910000000000,0.000500000000
1490051701,1041.330000000000,0.021500000000
1490051766,1041.330000000000,0.958700000000
1490051827,1042.070000000000,0.025800000000
1490051832,1042.070000000000,0.017200000000
1490051838,1042.070000000000,0.089600000000
1490051861,1042.070000000000,0.030100000000
1490051877,1042.070000000000,0.034400000000
1490051908,1042.070000000000,0.257800000000
1490051927,1042.070000000000,0.035200000000
1490051951,1041.840000000000,0.017200000000
1490052010,1041.090000000000,0.017200000000
1490052030,1041.080000000000,2.880000000000
1490052036,1040.520000000000,0.017200000000
1490052135,1040.960000000000,0.008600000000
1490052177,1040.960000000000,0.005200000000
1490052183,1040.960000000000,0.020600000000
1490052201,1040.960000000000,0.025800000000
1490052203,1040.340000000000,0.291000000000
1490052203,1040.340000000000,0.307000000000
1490052203,1040.340000000000,0.307000000000
1490052203,1040.340000000000,0.307000000000
1490052223,1039.230000000000,0.029200000000
1490052224,1039.230000000000,0.000100000000
1490052224,1039.230000000000,0.000300000000
1490052227,1040.020000000000,0.017200000000
1490052355,1037.810000000000,2.886000000000
1490052356,1037.820000000000,0.114000000000
1490052363,1037.820000000000,0.012900000000
1490052368,1038.440000000000,0.043000000000
1490052373,1038.440000000000,0.012900000000
1490052378,1038.440000000000,5.000000000000
1490052393,1038.690000000000,0.019800000000
1490052395,1038.690000000000,2.866200000000
1490052395,1038.700000000000,2.133800000000
1490052417,1038.930000000000,3.000000000000
1490052438,1038.580000000000,0.035300000000
1490052439,1038.590000000000,1.145300000000
1490052439,1038.580000000000,2.854700000000
1490052451,1038.930000000000,0.017200000000
1490052494,1038.610000000000,0.034400000000
1490052503,1038.610000000000,0.017200000000
1490052527,1038.610000000000,0.023200000000
1490052546,1039.040000000000,0.010000000000
1490052552,1039.040000000000,0.034400000000
1490052605,1038.510000000000,0.034400000000
1490052648,1037.730000000000,0.011200000000
1490052648,1038.510000000000,0.017200000000
1490052671,1038.510000000000,0.021500000000
1490052708,1038.500000000000,0.054300000000
1490052731,1038.230000000000,0.446100000000
1490052731,1038.230000000000,3.000000000000
1490052739,1038.290000000000,0.060300000000
1490052753,1038.030000000000,4.000000000000
1490052781,1038.120000000000,0.017200000000
1490052834,1037.890000000000,0.012900000000
1490052839,1037.890000000000,3.000000000000
1490052856,1038.900000000000,0.017200000000
1490052863,1038.900000000000,0.049500000000
1490052865,1038.650000000000,2.500000000000
1490052866,1038.670000000000,2.500000000000
1490052866,1038.690000000000,2.500000000000
1490052867,1038.670000000000,2.500000000000
1490052867,1038.710000000000,2.500000000000
1490052868,1038.710000000000,2.500000000000
1490052868,1038.690000000000,2.500000000000
1490052869,1038.740000000000,2.500000000000
1490052869,1038.690000000000,2.500000000000
1490052870,1038.900000000000,2.500000000000
1490052884,1038.110000000000,0.457000000000
1490052884,1038.110000000000,0.469000000000
1490052884,1038.110000000000,0.468000000000
1490052901,1037.960000000000,0.045600000000
1490052915,1037.730000000000,0.060500000000
1490052931,1037.650000000000,0.011000000000
1490052936,1037.650000000000,0.017200000000
1490052961,1037.650000000000,0.023300000000
1490053005,1038.140000000000,2.000000000000
1490053057,1037.000000000000,0.000400000000
1490053066,1037.960000000000,0.017200000000
1490053184,1036.900000000000,2.000000000000
1490053246,1036.600000000000,7.919600000000
1490053247,1036.300000000000,8.445500000000
1490053247,1036.500000000000,2.886000000000
1490053247,1036.300000000000,8.441000000000
1490053247,1036.300000000000,5.017600000000
1490053247,1036.300000000000,8.290300000000
1490053248,1037.460000000000,0.086200000000
1490053346,1036.830000000000,0.112000000000
1490053369,1037.180000000000,0.032700000000
1490053386,1037.180000000000,0.010300000000
1490053445,1036.800000000000,0.012900000000
1490053458,1036.800000000000,0.019800000000
1490053466,1036.770000000000,3.000000000000
1490053466,1036.760000000000,0.309000000000
1490053467,1036.760000000000,0.311000000000
1490053467,1036.760000000000,0.311000000000
1490053467,1036.760000000000,0.311000000000
1490053467,1036.760000000000,0.310000000000
1490053467,1036.760000000000,0.311000000000
1490053467,1036.760000000000,0.311000000000
1490053500,1036.600000000000,0.003400000000
1490053537,1036.600000000000,0.006900000000
1490053554,1036.600000000000,0.039700000000
1490053572,1036.600000000000,0.021600000000
1490053637,1036.600000000000,0.034500000000
1490053693,1035.800000000000,0.316000000000
1490053693,1035.800000000000,0.295000000000
1490053693,1035.800000000000,0.314000000000
1490053694,1035.800000000000,0.315000000000
1490053694,1035.800000000000,0.316000000000
1490053694,1035.800000000000,0.311000000000
1490053694,1035.800000000000,0.316000000000
1490053694,1035.800000000000,0.316000000000
1490053694,1035.800000000000,0.312000000000
1490053695,1035.700000000000,2.500000000000
1490053695,1035.800000000000,0.315000000000
1490053695,1035.750000000000,1.000000000000
1490053782,1035.680000000000,0.039700000000
1490053785,1035.680000000000,0.025900000000
1490053819,1035.670000000000,5.000000000000
1490053819,1035.680000000000,2.912600000000
1490053819,1035.770000000000,2.500000000000
1490053819,1035.680000000000,2.021800000000
1490053846,1035.800000000000,2.500000000000
1490053896,1036.410000000000,0.017300000000
1490053907,1036.410000000000,0.017300000000
1490053917,1036.410000000000,0.011200000000
1490053921,1036.410000000000,0.077600000000
1490053967,1036.410000000000,0.005200000000
1490053973,1036.410000000000,0.017200000000
1490053974,1036.600000000000,3.203800000000
1490053974,1036.410000000000,4.854200000000
1490053975,1036.600000000000,1.690100000000
1490053975,1036.620000000000,2.500000000000
1490053992,1037.250000000000,0.099300000000
1490054060,1038.120000000000,0.021600000000
1490054085,1038.420000000000,0.051700000000
1490054206,1039.340000000000,0.003500000000
1490054284,1041.510000000000,0.008600000000
1490054301,1041.510000000000,0.038700000000
1490054307,1040.700000000000,2.871000000000
1490054307,1040.450000000000,1.000000000000
1490054353,1040.220000000000,0.010300000000
1490054370,1040.210000000000,0.055900000000
1490054442,1041.590000000000,0.012900000000
1490054535,1042.480000000000,5.000000000000
1490054580,1042.420000000000,4.000000000000
1490054581,1042.490000000000,0.034400000000
1490054607,1043.660000000000,0.050700000000
1490054617,1043.660000000000,5.000000000000
1490054644,1043.670000000000,0.010300000000
1490054658,1043.920000000000,0.019800000000
1490054659,1043.920000000000,3.000000000000
1490054676,1044.410000000000,1.000000000000
1490054687,1044.410000000000,0.100000000000
1490054694,1044.410000000000,0.200000000000
1490054743,1044.410000000000,0.100000000000
1490054744,1044.410000000000,0.042900000000
1490054755,1043.650000000000,0.010000000000
1490054756,1043.650000000000,0.008700000000
1490054756,1043.650000000000,0.001900000000
1490054757,1043.650000000000,0.000100000000
1490054758,1044.560000000000,0.030100000000
1490054758,1044.560000000000,0.020000000000
1490054800,1044.920000000000,0.040000000000
1490054821,1045.170000000000,0.030000000000
1490054843,1045.460000000000,0.010000000000
1490054950,1045.680000000000,0.042800000000
1490054978,1045.680000000000,0.021200000000
1490055066,1046.180000000000,7.968800000000
1490055070,1046.190000000000,2.847000000000
1490055073,1046.190000000000,0.316000000000
1490055074,1046.190000000000,0.314000000000
1490055074,1046.190000000000,0.318000000000
1490055076,1046.190000000000,0.004000000000
1490055077,1046.190000000000,0.317000000000
1490055077,1046.190000000000,0.315000000000
1490055077,1046.190000000000,0.313000000000
1490055081,1047.260000000000,0.019700000000
1490055083,1046.350000000000,7.367200000000
1490055087,1046.500000000000,0.296000000000
1490055094,1046.200000000000,0.313000000000
1490055094,1046.200000000000,0.317000000000
1490055094,1046.200000000000,6.000000000000
1490055095,1046.200000000000,0.318000000000
1490055096,1046.090000000000,0.017600000000
1490055096,1046.090000000000,0.000100000000
1490055096,1046.090000000000,0.000400000000
1490055103,1046.360000000000,4.353300000000
1490055196,1047.560000000000,0.042800000000
1490055201,1047.560000000000,0.034200000000
1490055275,1047.570000000000,0.038500000000
1490055279,1047.570000000000,0.012000000000
1490055369,1047.110000000000,0.020000000000
1490055379,1046.880000000000,0.475000000000
1490055379,1046.880000000000,2.853000000000
1490055380,1046.880000000000,0.475000000000
1490055380,1046.880000000000,0.475000000000
1490055380,1046.880000000000,0.475000000000
1490055380,1046.880000000000,0.475000000000
1490055380,1046.880000000000,0.475000000000
1490055380,1046.880000000000,0.475000000000
1490055380,1046.880000000000,0.475000000000
1490055381,1046.880000000000,0.475000000000
1490055381,1046.880000000000,0.475000000000
1490055439,1046.580000000000,0.010300000000
1490055486,1046.150000000000,0.017100000000
1490055526,1044.910000000000,0.005200000000
1490055565,1045.800000000000,0.008600000000
1490055579,1045.990000000000,0.017100000000
1490055634,1045.980000000000,0.239800000000
1490055638,1045.990000000000,0.074500000000
1490055714,1045.780000000000,0.018000000000
1490055793,1046.030000000000,0.020600000000
1490055898,1045.830000000000,0.026600000000
1490055912,1045.830000000000,0.011100000000
1490055937,1045.830000000000,0.010300000000
1490055983,1045.570000000000,0.017100000000
1490056023,1045.570000000000,0.017100000000
1490056038,1045.570000000000,0.016300000000
1490056076,1044.680000000000,0.002200000000
1490056110,1045.870000000000,0.010300000000
1490056134,1045.870000000000,0.051400000000
1490056249,1046.150000000000,0.017100000000
1490056269,1047.090000000000,0.004300000000
1490056278,1046.750000000000,0.107100000000
1490056325,1047.010000000000,0.114800000000
1490056325,1046.500000000000,0.005000000000
1490056339,1047.010000000000,0.051300000000
1490056395,1046.290000000000,0.321000000000
1490056395,1046.290000000000,0.322000000000
1490056395,1046.290000000000,0.322000000000
1490056396,1046.290000000000,0.474000000000
1490056396,1046.290000000000,0.300000000000
1490056396,1046.290000000000,0.322000000000
1490056396,1046.290000000000,0.317000000000
1490056396,1046.290000000000,0.317000000000
1490056396,1046.290000000000,0.320000000000
1490056396,1046.290000000000,0.319000000000
1490056397,1046.290000000000,0.474000000000
1490056397,1046.290000000000,0.474000000000
1490056397,1046.290000000000,0.474000000000
1490056397,1046.290000000000,0.474000000000
1490056397,1046.290000000000,0.474000000000
1490056397,1046.290000000000,0.474000000000
1490056398,1046.290000000000,0.474000000000
1490056398,1046.290000000000,0.474000000000
1490056419,1047.030000000000,0.068500000000
1490056509,1047.250000000000,0.085500000000
1490056532,1047.510000000000,0.059900000000
1490056606,1047.530000000000,0.006000000000
1490056704,1047.530000000000,0.115500000000
1490056708,1047.910000000000,0.017100000000
1490056800,1047.480000000000,0.051300000000
1490056858,1047.480000000000,0.025600000000
1490056946,1048.010000000000,0.042700000000
1490056965,1048.010000000000,0.034200000000
1490057127,1048.340000000000,0.005800000000
1490057376,1049.190000000000,0.557300000000
1490057396,1049.190000000000,0.014000000000
1490057419,1049.190000000000,0.265900000000
1490057450,1049.190000000000,0.231600000000
1490057545,1049.830000000000,0.021300000000
1490057560,1049.590000000000,0.021300000000
1490057674,1049.590000000000,0.187500000000
1490057680,1049.590000000000,0.268100000000
1490057685,1049.590000000000,0.191500000000
1490057686,1049.590000000000,0.187500000000
1490057749,1049.720000000000,0.017100000000
1490057754,1049.720000000000,0.026500000000
1490057775,1049.720000000000,0.024800000000
1490057778,1049.720000000000,0.008500000000
1490057782,1049.720000000000,0.012800000000
1490057784,1049.720000000000,1.538200000000
1490057866,1049.720000000000,0.128000000000
1490057878,1049.720000000000,0.015400000000
1490057905,1049.720000000000,0.234300000000
1490057907,1048.860000000000,0.000100000000
1490057961,1049.880000000000,0.042700000000
1490057980,1049.880000000000,0.035000000000
1490058018,1049.880000000000,0.023400000000
1490058033,1049.880000000000,0.034100000000
1490058121,1050.000000000000,7.538900000000
1490058123,1050.000000000000,0.039300000000
1490058180,1050.000000000000,7.635500000000
1490058181,1050.000000000000,8.561400000000
1490058181,1050.000000000000,7.737400000000
1490058181,1050.000000000000,8.010300000000
1490058182,1050.000000000000,7.292100000000
1490058182,1050.000000000000,7.139100000000
1490058182,1050.000000000000,7.588400000000
1490058219,1050.000000000000,0.011900000000
1490058262,1050.000000000000,0.049500000000
1490058341,1050.000000000000,8.336800000000
1490058342,1050.000000000000,7.301400000000
1490058342,1050.000000000000,6.928200000000
1490058342,1050.000000000000,7.335600000000
1490058342,1050.000000000000,7.289700000000
1490058369,1050.000000000000,0.017900000000
1490058398,1050.000000000000,1.186600000000
1490058459,1050.420000000000,0.015400000000
1490058466,1050.420000000000,0.187800000000
1490058496,1050.670000000000,0.214000000000
1490058647,1051.310000000000,0.041800000000
1490058741,1051.650000000000,1.388900000000
1490058777,1051.560000000000,0.011900000000
1490058779,1050.800000000000,0.000700000000
1490058780,1050.800000000000,0.000700000000
1490058847,1051.560000000000,0.014500000000
1490058853,1051.560000000000,0.017000000000
1490058892,1051.560000000000,0.025600000000
1490058904,1051.550000000000,0.068200000000
1490058943,1051.550000000000,0.025600000000
1490058970,1051.340000000000,0.059600000000
1490059026,1050.810000000000,0.323000000000
1490059026,1050.810000000000,0.472000000000
1490059026,1050.810000000000,0.161000000000
1490059027,1050.810000000000,0.325000000000
1490059027,1050.810000000000,0.472000000000
1490059027,1050.810000000000,0.321000000000
1490059028,1050.810000000000,0.472000000000
1490059028,1050.810000000000,0.324000000000
1490059028,1050.810000000000,0.325000000000
1490059028,1050.810000000000,0.303000000000
1490059028,1050.810000000000,0.472000000000
1490059028,1050.810000000000,0.472000000000
1490059029,1050.810000000000,0.325000000000
1490059029,1050.810000000000,0.324000000000
1490059029,1050.810000000000,0.472000000000
1490059029,1050.810000000000,0.320000000000
1490059029,1050.810000000000,0.472000000000
1490059029,1050.810000000000,0.472000000000
1490059029,1050.810000000000,0.472000000000
1490059030,1050.690000000000,0.098000000000
1490059115,1050.240000000000,0.057100000000
1490059151,1049.620000000000,0.556100000000
1490059164,1050.420000000000,0.014500000000
1490059172,1050.420000000000,0.003400000000
1490059199,1050.420000000000,0.051100000000
1490059240,1050.420000000000,0.034100000000
1490059309,1050.420000000000,0.005100000000
1490059370,1049.700000000000,6.196600000000
1490059370,1049.730000000000,7.481500000000
1490059385,1050.420000000000,0.017000000000
1490059518,1050.410000000000,0.031100000000
1490059522,1050.410000000000,0.089500000000
1490059600,1050.830000000000,0.010200000000
1490059629,1051.040000000000,0.022200000000
1490059634,1051.040000000000,0.098000000000
1490059688,1051.370000000000,0.025600000000
1490059712,1051.230000000000,0.009400000000
1490059824,1050.790000000000,0.046900000000
1490059939,1050.420000000000,8.947300000000
1490059940,1051.220000000000,8.916000000000
1490059940,1051.220000000000,8.580700000000
1490059940,1051.220000000000,8.735100000000
1490059941,1051.220000000000,4.820900000000
1490059950,1050.550000000000,0.170500000000
1490060124,1051.010000000000,0.162000000000
1490060144,1050.310000000000,0.327000000000
1490060145,1050.310000000000,0.330000000000
1490060145,1050.310000000000,0.472000000000
1490060145,1050.310000000000,0.328000000000
1490060145,1050.310000000000,0.472000000000
1490060145,1050.310000000000,0.472000000000
1490060145,1050.310000000000,0.325000000000
1490060145,1050.310000000000,0.325000000000
1490060146,1050.310000000000,0.330000000000
1490060146,1050.310000000000,0.472000000000
1490060146,1050.310000000000,0.308000000000
1490060146,1050.310000000000,0.472000000000
1490060146,1050.310000000000,0.472000000000
1490060146,1050.310000000000,0.472000000000
1490060147,1050.310000000000,0.472000000000
1490060147,1050.310000000000,0.472000000000
1490060147,1050.310000000000,1.285900000000
1490060147,1050.310000000000,0.334000000000
1490060147,1050.310000000000,3.714100000000
1490060148,1049.690000000000,5.000000000000
1490060148,1050.100000000000,2.500000000000
1490060149,1050.100000000000,2.500000000000
1490060149,1049.780000000000,5.000000000000
1490060150,1050.100000000000,1.721600000000
1490060150,1049.780000000000,0.778400000000
1490060151,1049.730000000000,2.500000000000
1490060151,1049.730000000000,5.000000000000
1490060180,1049.790000000000,0.005100000000
1490060199,1049.330000000000,0.085300000000
1490060309,1049.150000000000,0.034200000000
1490060322,1049.150000000000,0.988300000000
1490060413,1048.840000000000,5.000000000000
1490060426,1048.710000000000,0.018800000000
1490060550,1048.440000000000,0.010200000000
1490060585,1048.440000000000,0.017100000000
1490060597,1048.440000000000,0.034100000000
1490060636,1048.440000000000,0.003400000000
1490060695,1048.360000000000,0.442300000000
1490060761,1048.430000000000,0.012800000000
1490060848,1048.420000000000,0.170800000000
1490060897,1048.420000000000,4.829200000000
1490060910,1048.430000000000,0.019600000000
1490060960,1048.430000000000,0.008500000000
1490061035,1048.490000000000,4.185200000000
1490061035,1048.430000000000,2.959100000000
1490061036,1048.490000000000,0.814800000000
1490061049,1048.640000000000,0.128100000000
1490061088,1048.640000000000,2.371900000000
1490061120,1048.730000000000,5.000000000000
1490061131,1049.150000000000,5.000000000000
1490061147,1049.790000000000,4.994900000000
1490061195,1050.390000000000,0.017000000000
1490061252,1050.390000000000,0.012800000000
1490061262,1050.690000000000,0.019600000000
1490061299,1050.690000000000,0.085200000000
1490061325,1050.690000000000,0.008500000000
1490061329,1050.690000000000,0.010200000000
1490061364,1050.690000000000,0.000900000000
1490061370,1050.690000000000,0.127800000000
1490061414,1050.690000000000,0.018700000000
1490061430,1050.690000000000,0.051100000000
1490061452,1050.690000000000,4.678000000000
1490061545,1052.040000000000,0.034100000000
1490061600,1051.870000000000,0.042600000000
1490061604,1051.870000000000,0.025500000000
1490061674,1051.870000000000,0.017000000000
1490061852,1052.990000000000,0.195700000000
1490061889,1052.990000000000,0.100000000000
1490061928,1052.130000000000,0.041600000000
1490061929,1052.990000000000,0.050200000000
1490061998,1052.670000000000,0.118300000000
1490062100,1052.660000000000,0.472000000000
1490062101,1052.660000000000,0.472000000000
1490062101,1052.660000000000,0.472000000000
1490062101,1052.660000000000,0.471000000000
1490062101,1052.660000000000,0.472000000000
1490062101,1052.660000000000,0.471000000000
1490062101,1052.660000000000,0.471000000000
1490062102,1052.660000000000,0.471000000000
1490062102,1052.660000000000,0.430000000000
1490062165,1053.000000000000,0.010200000000
1490062174,1053.000000000000,0.037500000000
1490062288,1051.900000000000,0.000100000000
1490062295,1052.710000000000,0.018700000000
1490062454,1052.470000000000,0.723300000000
1490062582,1052.240000000000,0.051100000000
1490062595,1052.240000000000,0.029800000000
1490062614,1052.240000000000,0.006000000000
1490062634,1051.830000000000,0.051100000000
1490062798,1051.740000000000,0.925700000000
1490062829,1051.660000000000,0.179700000000
1490063006,1052.030000000000,0.059600000000
1490063135,1051.760000000000,0.010200000000
1490063138,1051.760000000000,0.020400000000
1490063221,1051.940000000000,0.093700000000
1490063228,1051.940000000000,0.012800000000
1490063240,1051.610000000000,7.648200000000
1490063255,1051.660000000000,0.017000000000
1490063283,1051.610000000000,5.351800000000
1490063283,1051.530000000000,1.000000000000
1490063433,1051.590000000000,0.019600000000
1490063440,1050.670000000000,0.021200000000
1490063502,1051.050000000000,0.016200000000
1490063514,1051.930000000000,0.501900000000
1490063515,1051.930000000000,0.025200000000
1490063574,1051.610000000000,0.042600000000
1490063615,1050.920000000000,7.662000000000
1490063615,1050.800000000000,7.482200000000
1490063615,1050.800000000000,7.917700000000
1490063616,1050.800000000000,3.948300000000
1490063616,1050.800000000000,7.033700000000
1490063636,1051.610000000000,0.015700000000
1490063704,1051.540000000000,0.100200000000
1490063709,1051.540000000000,0.045500000000
1490063777,1050.700000000000,0.005200000000
1490063777,1050.700000000000,0.001300000000
1490063777,1050.700000000000,0.003900000000
1490063801,1051.540000000000,0.005100000000
1490063863,1051.540000000000,0.011500000000
1490063982,1051.290000000000,0.015700000000
1490064054,1051.290000000000,0.170400000000
1490064058,1050.710000000000,1.000000000000
1490064148,1050.690000000000,8.191100000000
1490064148,1050.690000000000,8.332100000000
1490064149,1050.690000000000,7.594200000000
1490064149,1050.690000000000,6.845500000000
1490064149,1050.690000000000,7.065500000000
1490064150,1050.690000000000,0.971600000000
1490064252,1051.750000000000,0.017000000000
1490064256,1051.750000000000,0.008500000000
1490064360,1052.070000000000,0.008500000000
1490064387,1052.070000000000,0.127800000000
1490064417,1052.070000000000,0.164300000000
1490064570,1052.070000000000,0.034100000000
1490064602,1052.230000000000,0.008500000000
1490064712,1052.310000000000,0.001700000000
1490064717,1052.310000000000,0.015600000000
1490064727,1052.310000000000,0.037500000000
1490064788,1052.310000000000,0.004300000000
1490064887,1052.360000000000,0.085100000000
1490064923,1052.360000000000,0.009400000000
1490064992,1052.820000000000,0.049400000000
1490065182,1052.810000000000,0.019600000000
1490065231,1052.160000000000,0.000100000000
1490065231,1052.160000000000,0.005200000000
1490065305,1053.000000000000,4.952300000000
1490065321,1053.030000000000,0.001700000000
1490065411,1053.060000000000,0.104800000000
1490065422,1053.060000000000,0.010200000000
1490065523,1053.000000000000,0.472000000000
1490065523,1053.000000000000,4.581500000000
1490065523,1053.000000000000,0.471000000000
1490065524,1053.000000000000,0.471000000000
1490065524,1053.000000000000,0.471000000000
1490065524,1053.000000000000,0.471000000000
1490065524,1053.000000000000,0.472000000000
1490065524,1053.000000000000,0.471000000000
1490065524,1053.000000000000,0.471000000000
1490065525,1053.000000000000,5.951700000000
1490065525,1053.000000000000,1.859400000000
1490065525,1053.000000000000,0.203700000000
1490065525,1053.000000000000,7.674400000000
1490065525,1053.000000000000,0.267300000000
1490065526,1053.000000000000,1.421900000000
1490065526,1053.000000000000,3.113900000000
1490065526,1053.000000000000,4.639600000000
1490065526,1053.000000000000,3.582100000000
1490065526,1053.000000000000,4.894200000000
1490065526,1053.000000000000,6.419900000000
1490065527,1053.000000000000,0.909100000000
1490065533,1053.220000000000,0.034000000000
1490065657,1053.220000000000,0.017000000000
1490065738,1053.620000000000,0.021300000000
1490065887,1054.080000000000,0.170000000000
1490065914,1054.370000000000,0.019500000000
1490065932,1054.370000000000,8.357400000000
1490065934,1054.520000000000,0.029700000000
1490065975,1054.550000000000,0.037400000000
1490065990,1054.780000000000,0.598400000000
1490066027,1055.000000000000,10.000000000000
1490066038,1055.610000000000,0.022900000000
1490066137,1054.640000000000,0.024000000000
1490066196,1055.130000000000,0.084900000000
1490066214,1055.520000000000,0.023100000000
1490066331,1056.180000000000,0.034000000000
1490066350,1055.810000000000,0.047500000000
1490066438,1056.050000000000,0.101800000000
1490066602,1055.680000000000,0.017000000000
1490066656,1055.680000000000,0.033900000000
1490066810,1055.560000000000,0.025500000000
1490066996,1056.160000000000,0.017000000000
1490067113,1055.980000000000,0.000100000000
1490067344,1056.350000000000,0.039000000000
1490067366,1056.350000000000,0.059300000000
1490067384,1056.340000000000,0.013600000000
1490067480,1056.350000000000,0.456600000000
1490067490,1056.340000000000,0.016900000000
1490067806,1059.000000000000,2.000000000000
1490067809,1060.300000000000,7.800000000000
1490067840,1060.920000000000,2.819000000000
1490067842,1060.880000000000,0.016900000000
1490068331,1063.050000000000,0.025300000000
1490068423,1063.240000000000,0.044700000000
1490068518,1062.820000000000,0.322000000000
1490068750,1064.690000000000,0.033700000000
1490068795,1064.690000000000,0.019400000000
1490068941,1064.690000000000,0.052000000000
1490068984,1065.490000000000,8.486900000000
1490068985,1065.550000000000,0.036000000000
1490069004,1065.760000000000,0.436100000000
1490069042,1065.760000000000,8.234200000000
1490069121,1066.370000000000,6.000000000000
1490069222,1065.850000000000,0.079100000000
1490069248,1065.770000000000,0.020000000000
1490069274,1065.770000000000,0.780000000000
1490069275,1065.760000000000,2.000000000000
1490069281,1063.520000000000,6.054200000000
1490069281,1064.550000000000,0.800000000000
1490069281,1064.540000000000,8.287700000000
1490069344,1064.860000000000,0.025200000000
1490069419,1064.160000000000,0.195500000000
1490069483,1064.160000000000,0.193700000000
1490069490,1064.160000000000,0.080800000000
1490069509,1063.400000000000,1.000000000000
1490069512,1062.480000000000,0.023900000000
1490069539,1062.850000000000,0.017600000000
1490069550,1063.330000000000,0.193800000000
1490069581,1063.320000000000,0.700000000000
1490069584,1065.590000000000,7.712700000000
1490069585,1065.590000000000,17.287300000000
1490069585,1067.280000000000,0.700000000000
1490069586,1068.130000000000,0.030000000000
1490069589,1068.710000000000,0.358000000000
1490069700,1065.040000000000,0.016800000000
1490069949,1066.370000000000,0.300000000000
1490070006,1067.000000000000,0.950000000000
1490070094,1066.670000000000,6.000000000000
1490070245,1067.350000000000,0.042100000000
1490070282,1067.230000000000,0.016800000000
1490070339,1067.620000000000,0.038700000000
1490070409,1067.840000000000,0.018500000000
1490070464,1068.540000000000,0.016800000000
1490070553,1070.950000000000,0.017600000000
1490070603,1071.040000000000,0.033300000000
1490070657,1070.520000000000,0.014400000000
1490070657,1072.090000000000,0.000100000000
1490070657,1072.090000000000,0.014500000000
1490070672,1071.480000000000,0.026000000000
1490070704,1072.530000000000,0.356000000000
1490070856,1073.210000000000,0.005900000000
1490070856,1073.130000000000,0.012500000000
1490070881,1072.490000000000,0.030000000000
1490070936,1073.510000000000,0.625300000000
1490071047,1074.990000000000,0.250000000000
1490071284,1076.930000000000,5.700000000000
1490071284,1077.130000000000,0.044400000000
1490071433,1077.830000000000,0.016600000000
1490071616,1077.970000000000,0.099900000000
1490071752,1077.970000000000,0.083300000000
1490071783,1077.750000000000,0.046600000000
1490071916,1078.050000000000,0.016600000000
1490071934,1077.250000000000,3.945000000000
1490072145,1077.750000000000,0.005000000000
1490072385,1079.000000000000,1.174300000000
1490072385,1078.680000000000,8.625700000000
1490072446,1079.330000000000,1.836500000000
1490072557,1079.590000000000,0.005100000000
1490073364,1081.000000000000,0.011600000000
1490073637,1080.020000000000,0.033200000000
1490073808,1079.810000000000,0.030900000000
1490073846,1081.000000000000,0.429900000000
1490073902,1080.000000000000,0.122800000000
1490073943,1079.620000000000,0.049800000000
1490073976,1079.180000000000,0.000100000000
1490074000,1079.180000000000,0.061500000000
1490074083,1078.640000000000,0.034500000000
1490074232,1077.970000000000,0.076500000000
1490074472,1077.160000000000,0.219000000000
1490075391,1080.030000000000,5.000000000000
1490075410,1079.880000000000,0.016600000000
1490075440,1079.880000000000,0.035700000000
1490075481,1079.880000000000,2.713700000000
1490075494,1080.830000000000,0.005200000000
1490075804,1080.260000000000,0.083100000000
1490076221,1080.570000000000,0.124800000000
1490076633,1079.530000000000,0.124800000000
1490076842,1078.230000000000,0.083300000000
1490076868,1077.200000000000,0.005100000000
1490077077,1076.000000000000,0.038400000000
1490077106,1076.000000000000,0.008400000000
1490077322,1073.170000000000,0.041900000000
1490077432,1072.870000000000,0.301600000000
1490077438,1072.180000000000,0.000100000000
1490078429,1073.710000000000,0.089900000000
1490078541,1074.060000000000,0.500000000000
1490078681,1076.340000000000,0.082100000000
1490078709,1076.820000000000,0.015000000000
1490078847,1079.970000000000,0.574100000000
1490079321,1081.000000000000,7.756500000000
1490079321,1081.000000000000,1.802000000000
1490079480,1081.370000000000,0.000100000000
1490079756,1083.400000000000,0.025000000000
1490079828,1084.490000000000,8.871400000000
1490079850,1084.660000000000,1.128600000000
1490079859,1083.900000000000,0.900000000000
1490080248,1083.670000000000,0.037400000000
1490080249,1083.670000000000,0.000500000000
1490080525,1084.620000000000,0.034800000000
1490080532,1083.950000000000,0.036000000000
1490080617,1084.620000000000,0.002700000000
1490081040,1083.440000000000,0.049700000000
1490081049,1083.090000000000,0.072100000000
1490081563,1083.180000000000,3.875000000000
1490081670,1081.990000000000,0.000200000000
1490082309,1081.630000000000,0.000200000000
1490082309,1081.630000000000,0.002100000000
1490082429,1082.360000000000,0.030000000000
1490082539,1082.840000000000,0.019900000000
1490082766,1081.800000000000,0.041500000000
1490083292,1076.750000000000,0.083200000000
1490084069,1075.200000000000,0.141700000000
1490084069,1075.200000000000,0.000200000000
1490084458,1077.270000000000,0.091200000000
1490084463,1077.270000000000,0.042000000000
1490084490,1077.270000000000,0.010000000000
1490084759,1077.130000000000,0.000200000000
1490084760,1077.130000000000,0.041500000000
1490084760,1077.130000000000,0.001300000000
1490085086,1079.240000000000,0.040100000000
1490085689,1078.900000000000,0.000100000000
1490085689,1078.900000000000,0.000800000000
1490086249,1078.560000000000,0.000100000000
1490086250,1078.560000000000,0.001000000000
1490086250,1078.560000000000,0.002100000000
1490086751,1079.930000000000,0.003600000000
1490087110,1079.990000000000,0.011400000000
1490087172,1079.980000000000,0.041600000000
1490087240,1079.040000000000,0.055400000000
1490087638,1080.730000000000,0.108800000000
1490087638,1080.730000000000,0.043200000000
1490087668,1081.230000000000,0.012000000000
1490087809,1080.030000000000,0.000100000000
1490090055,1075.790000000000,0.004800000000
1490090603,1075.370000000000,2.784000000000
1490090690,1076.020000000000,0.050000000000
1490090778,1075.240000000000,2.787000000000
1490091175,1075.790000000000,0.040000000000
1490091744,1075.480000000000,0.020900000000
1490091824,1074.600000000000,3.661000000000
1490092485,1074.600000000000,0.016700000000
1490093502,1068.990000000000,8.588900000000
1490093650,1068.700000000000,7.784000000000
1490093650,1068.700000000000,8.247400000000
1490093650,1068.700000000000,7.535800000000
1490093667,1068.310000000000,0.047100000000
1490093668,1068.310000000000,0.005100000000
1490093668,1068.310000000000,0.001600000000
1490093668,1068.310000000000,0.000100000000
1490093669,1068.310000000000,0.007300000000
1490093669,1068.310000000000,0.000500000000
1490093670,1068.310000000000,0.030900000000
1490093670,1068.310000000000,0.312100000000
1490093670,1068.310000000000,0.671500000000
1490093671,1068.310000000000,0.312100000000
1490093671,1068.310000000000,0.000600000000
1490093672,1068.310000000000,0.002700000000
1490093672,1068.310000000000,0.000100000000
1490093731,1068.700000000000,7.388300000000
1490093732,1068.700000000000,8.775200000000
1490093732,1068.700000000000,7.760700000000
1490093733,1068.700000000000,7.349400000000
1490093733,1068.700000000000,8.464200000000
1490093733,1068.700000000000,7.350600000000
1490093733,1068.700000000000,7.315100000000
1490094058,1071.200000000000,0.913200000000
1490094059,1071.200000000000,0.170700000000
1490094059,1071.200000000000,0.703000000000
1490094060,1071.200000000000,0.429800000000
1490094060,1071.200000000000,0.273400000000
1490094060,1071.200000000000,0.230700000000
1490094060,1072.890000000000,0.431800000000
1490094061,1071.200000000000,0.912600000000
1490094061,1072.890000000000,0.912600000000
1490094062,1072.890000000000,0.456100000000
1490094062,1071.280000000000,0.179000000000
1490094062,1071.280000000000,0.455600000000
1490094063,1071.280000000000,0.446400000000
1490094063,1071.280000000000,0.094900000000
1490094063,1071.280000000000,0.368900000000
1490094064,1071.280000000000,0.179100000000
1490094064,1071.280000000000,0.364700000000
1490094065,1071.280000000000,0.178900000000
1490094065,1071.360000000000,0.910600000000
1490094065,1071.360000000000,0.057700000000
1490094066,1072.890000000000,0.455500000000
1490094066,1071.360000000000,0.455500000000
1490094066,1071.330000000000,0.178900000000
1490094067,1071.330000000000,0.200300000000
1490094067,1071.330000000000,0.137200000000
1490094068,1071.330000000000,0.056700000000
1490094068,1071.330000000000,0.455700000000
1490094069,1071.330000000000,0.446300000000
1490094069,1071.330000000000,0.065700000000
1490094069,1071.330000000000,0.273100000000
1490094070,1071.410000000000,0.537800000000
1490094070,1071.330000000000,0.227500000000
1490094070,1071.330000000000,0.178900000000
1490094071,1071.410000000000,0.178900000000
1490094071,1071.410000000000,0.100500000000
1490094071,1071.410000000000,0.145400000000
1490094072,1071.410000000000,0.911400000000
1490094072,1071.410000000000,0.137000000000
1490094073,1071.280000000000,0.076300000000
1490094073,1072.950000000000,0.084200000000
1490094073,1071.410000000000,0.321400000000
1490094074,1071.280000000000,0.376200000000
1490094074,1071.280000000000,0.911500000000
1490094074,1071.280000000000,0.042200000000
1490094075,1071.280000000000,0.109400000000
1490094075,1071.280000000000,0.230500000000
1490094076,1072.950000000000,0.093500000000
1490094076,1071.450000000000,0.300500000000
1490094076,1071.450000000000,0.230500000000
1490094077,1071.450000000000,0.094700000000
1490094077,1071.450000000000,0.115700000000
1490094077,1071.450000000000,0.170700000000
1490094078,1071.450000000000,0.046900000000
1490094078,1071.450000000000,0.059400000000
1490094078,1071.450000000000,0.281000000000
1490094079,1071.450000000000,0.066000000000
1490094079,1071.450000000000,0.080400000000
1490094080,1071.450000000000,0.100600000000
1490094080,1071.450000000000,0.251600000000
1490094080,1071.450000000000,0.052400000000
1490094081,1072.950000000000,0.058000000000
1490094081,1071.450000000000,0.188300000000
1490094082,1071.100000000000,0.100900000000
1490094082,1071.100000000000,0.129700000000
1490094082,1071.100000000000,0.065600000000
1490094082,1071.100000000000,0.116200000000
1490094083,1071.100000000000,0.232200000000
1490094083,1071.100000000000,0.064000000000
1490094083,1071.100000000000,0.116300000000
1490094084,1071.100000000000,0.060200000000
1490094084,1071.100000000000,0.050300000000
1490094084,1071.100000000000,0.119600000000
1490094084,1071.100000000000,0.050200000000
1490094085,1071.100000000000,0.110400000000
1490094085,1071.100000000000,0.046200000000
1490094086,1071.100000000000,0.301200000000
1490094086,1071.100000000000,0.050200000000
1490094087,1071.250000000000,0.246600000000
1490094087,1071.100000000000,0.224000000000
1490094087,1071.100000000000,0.099400000000
1490094088,1071.250000000000,0.143400000000
1490094088,1071.250000000000,0.037500000000
1490094088,1071.250000000000,0.034600000000
1490094089,1071.250000000000,0.050200000000
1490094089,1071.250000000000,0.050100000000
1490094090,1071.250000000000,0.035100000000
1490094090,1071.250000000000,0.020000000000
1490094091,1071.250000000000,0.030100000000
1490094091,1071.250000000000,0.035100000000
1490094093,1071.250000000000,0.020000000000
1490094192,1071.570000000000,0.000700000000
1490094389,1071.230000000000,2.798000000000
1490094390,1071.630000000000,7.691100000000
1490094390,1071.000000000000,8.456100000000
1490094391,1071.000000000000,7.762200000000
1490094391,1071.000000000000,7.320600000000
1490094392,1071.000000000000,7.182000000000
1490094392,1071.000000000000,7.914600000000
1490094392,1071.000000000000,7.325400000000
1490094392,1071.000000000000,8.014800000000
1490094392,1071.000000000000,8.381800000000
1490094393,1071.000000000000,7.656900000000
1490094402,1071.000000000000,7.099000000000
1490094403,1071.000000000000,7.582100000000
1490094403,1071.000000000000,7.919600000000
1490094404,1071.000000000000,6.883200000000
1490094553,1070.240000000000,2.792000000000
1490094924,1072.480000000000,0.001300000000
1490095387,1071.970000000000,0.020900000000
1490095625,1072.210000000000,0.352000000000
1490095674,1071.810000000000,0.000300000000
1490095695,1072.640000000000,0.009200000000
1490096273,1077.060000000000,0.021700000000
1490096290,1077.060000000000,0.079200000000
1490096432,1077.540000000000,0.004200000000
1490096768,1078.740000000000,0.000200000000
1490096769,1078.740000000000,0.000100000000
1490097072,1082.070000000000,8.286100000000
1490097072,1082.000000000000,7.460300000000
1490097129,1082.000000000000,6.807300000000
1490097130,1082.000000000000,7.811500000000
1490097131,1082.000000000000,3.634800000000
1490097214,1082.900000000000,0.800000000000
1490097278,1083.740000000000,0.941900000000
1490097278,1083.740000000000,0.940700000000
1490097279,1083.740000000000,0.941600000000
1490097332,1085.450000000000,0.009900000000
1490097353,1085.450000000000,0.019900000000
1490097426,1086.070000000000,0.003300000000
1490097451,1086.070000000000,0.012400000000
1490097458,1086.070000000000,0.016600000000
1490097526,1086.360000000000,0.187400000000
1490097526,1086.360000000000,0.028000000000
1490097527,1086.360000000000,0.038400000000
1490097527,1086.360000000000,0.091800000000
1490097528,1086.360000000000,0.177500000000
1490097528,1086.360000000000,0.082600000000
1490097528,1086.360000000000,0.023300000000
1490097529,1086.360000000000,0.229500000000
1490097529,1086.360000000000,0.299400000000
1490097530,1086.360000000000,0.068800000000
1490097530,1086.360000000000,0.119900000000
1490097531,1086.360000000000,0.234300000000
1490097531,1086.360000000000,0.149700000000
1490097532,1086.560000000000,0.023300000000
1490097532,1086.560000000000,0.016700000000
1490097532,1086.560000000000,0.111900000000
1490097533,1086.560000000000,0.355300000000
1490097533,1086.560000000000,0.068700000000
1490097534,1086.560000000000,0.143200000000
1490097534,1086.560000000000,0.103800000000
1490097534,1086.560000000000,0.050200000000
1490097535,1086.560000000000,0.051900000000
1490097535,1086.560000000000,0.050200000000
1490097535,1086.560000000000,0.075600000000
1490097536,1086.560000000000,0.017400000000
1490097538,1086.560000000000,0.010000000000
1490097593,1086.400000000000,0.024000000000
1490097608,1087.110000000000,0.020700000000
1490097703,1086.510000000000,0.000100000000
1490098035,1089.100000000000,0.082400000000
1490098039,1089.100000000000,0.033000000000
1490098127,1087.860000000000,0.000200000000
1490098157,1089.110000000000,0.346000000000
1490098209,1089.110000000000,0.010700000000
1490098253,1089.110000000000,0.016500000000
1490098310,1089.110000000000,0.010700000000
1490098351,1089.110000000000,0.616100000000
1490098617,1089.910000000000,0.000100000000
1490098617,1089.910000000000,0.000100000000
1490098972,1091.600000000000,0.082300000000
1490099026,1091.570000000000,0.099500000000
1490099095,1092.040000000000,0.300000000000
1490099096,1092.830000000000,0.018100000000
1490099276,1093.140000000000,0.100000000000
1490099329,1093.630000000000,0.346000000000
1490099349,1093.270000000000,0.311000000000
1490099361,1093.550000000000,0.311000000000
1490099363,1093.550000000000,0.066500000000
1490099372,1093.320000000000,0.346000000000
1490099374,1093.160000000000,0.000100000000
1490099374,1093.160000000000,0.000900000000
1490099412,1093.550000000000,0.011500000000
1490099504,1093.950000000000,0.086300000000
1490099535,1093.160000000000,0.057000000000
1490099545,1092.360000000000,2.734000000000
1490099611,1091.230000000000,0.014800000000
1490099651,1090.150000000000,0.164800000000
1490099755,1088.760000000000,5.448700000000
1490099755,1088.770000000000,0.001000000000
1490099755,1088.760000000000,7.351300000000
1490099824,1088.730000000000,5.100000000000
1490099825,1088.750000000000,0.057800000000
1490099842,1087.960000000000,8.087400000000
1490099842,1087.500000000000,7.966800000000
1490099843,1087.500000000000,7.231300000000
1490099844,1087.500000000000,7.177100000000
1490099844,1087.500000000000,6.586500000000
1490099844,1087.500000000000,3.950900000000
1490099845,1087.670000000000,2.744000000000
1490099920,1088.020000000000,0.008300000000
1490099933,1088.020000000000,0.020600000000
1490100039,1088.100000000000,0.019000000000
1490100116,1088.400000000000,0.008300000000
1490100304,1090.010000000000,0.247400000000
1490100430,1089.370000000000,2.746000000000
1490100430,1089.360000000000,6.981500000000
1490100446,1089.350000000000,0.012400000000
1490100460,1089.350000000000,0.033000000000
1490100497,1089.500000000000,0.150000000000
1490100497,1089.350000000000,0.227100000000
1490100537,1090.520000000000,0.008200000000
1490100547,1089.830000000000,0.900000000000
1490100547,1089.820000000000,6.245000000000
1490100548,1089.350000000000,2.855000000000
1490100603,1089.930000000000,0.041200000000
1490100606,1089.930000000000,0.042000000000
1490100662,1089.920000000000,0.082400000000
1490100681,1090.460000000000,0.016500000000
1490100685,1090.460000000000,0.004900000000
1490100757,1090.140000000000,0.021400000000
1490100894,1090.380000000000,0.008200000000
1490100943,1090.380000000000,0.004100000000
1490100958,1089.870000000000,1.000000000000
1490101087,1089.870000000000,0.099000000000
1490101091,1089.870000000000,0.008200000000
1490101141,1089.570000000000,0.041200000000
1490101187,1089.570000000000,0.197900000000
1490101250,1089.570000000000,0.016500000000
1490101449,1090.170000000000,0.024700000000
1490101681,1091.080000000000,0.049400000000
1490101686,1091.080000000000,0.041100000000
1490101795,1091.440000000000,0.032900000000
1490101899,1091.980000000000,0.007400000000
1490102149,1091.150000000000,9.000000000000
1490102160,1090.970000000000,0.016400000000
1490102191,1090.970000000000,0.029600000000
1490102228,1090.960000000000,0.016500000000
1490102275,1091.410000000000,9.491600000000
1490102276,1091.410000000000,0.508400000000
1490102291,1091.150000000000,0.230600000000
1490102541,1090.690000000000,0.016500000000
1490102592,1090.290000000000,0.016500000000
1490102610,1090.000000000000,8.198500000000
1490102705,1090.410000000000,5.000000000000
1490102773,1090.230000000000,0.016500000000
1490102776,1090.000000000000,7.929400000000
1490102776,1090.000000000000,8.716700000000
1490102777,1090.000000000000,8.497800000000
1490102777,1090.000000000000,8.776400000000
1490102777,1090.000000000000,9.219700000000
1490102794,1090.000000000000,8.624400000000
1490102795,1090.000000000000,7.717600000000
1490102795,1090.000000000000,8.006500000000
1490102795,1090.000000000000,8.829800000000
1490102795,1090.000000000000,8.431100000000
1490102796,1090.000000000000,7.052100000000
1490102886,1090.200000000000,0.041300000000
1490103148,1088.660000000000,1.400000000000
1490103420,1086.580000000000,0.300000000000
1490103473,1086.670000000000,0.002200000000
1490103473,1086.670000000000,0.002000000000
1490103474,1086.670000000000,0.000100000000
1490103474,1086.670000000000,0.000300000000
1490103474,1086.670000000000,0.000200000000
1490103475,1086.670000000000,0.000200000000
1490103475,1086.670000000000,0.021100000000
1490103476,1086.670000000000,0.201700000000
1490103476,1086.670000000000,0.000100000000
1490103480,1087.140000000000,0.247900000000
1490103499,1087.420000000000,2.696700000000
1490103499,1087.110000000000,8.935300000000
1490103499,1087.420000000000,10.750000000000
1490103499,1087.420000000000,5.314700000000
1490103500,1087.420000000000,8.558300000000
1490103500,1087.420000000000,8.271900000000
1490103500,1087.420000000000,7.851400000000
1490103500,1087.420000000000,2.529500000000
1490103500,1087.420000000000,8.488300000000
1490103500,1087.420000000000,5.963600000000
1490103501,1087.420000000000,5.640300000000
1490103576,1087.420000000000,7.585700000000
1490103623,1087.710000000000,0.005000000000
1490103643,1087.420000000000,7.476300000000
1490103644,1087.420000000000,8.655200000000
1490103644,1087.420000000000,7.240100000000
1490103644,1087.420000000000,8.272300000000
1490103645,1087.420000000000,3.113500000000
1490103645,1087.420000000000,7.656900000000
1490103679,1087.450000000000,0.024800000000
1490103710,1086.840000000000,0.201000000000
1490103715,1086.840000000000,0.020600000000
1490103765,1085.010000000000,0.009700000000
1490103769,1085.010000000000,0.016500000000
1490103795,1085.000000000000,0.005000000000
1490103796,1085.000000000000,0.005000000000
1490103815,1085.000000000000,8.395200000000
1490103839,1085.000000000000,4.110900000000
1490103839,1085.000000000000,3.594800000000
1490103840,1085.000000000000,7.747000000000
1490103840,1085.000000000000,7.266000000000
1490103840,1085.000000000000,0.623100000000
1490103840,1085.000000000000,4.253000000000
1490103841,1085.000000000000,3.185500000000
1490103847,1085.000000000000,6.946000000000
1490103848,1085.000000000000,6.449200000000
1490103848,1085.000000000000,1.868500000000
1490103849,1085.000000000000,1.740700000000
1490103849,1085.000000000000,5.550800000000
1490103849,1085.000000000000,7.155000000000
1490103850,1085.000000000000,4.866500000000
1490103850,1085.000000000000,8.201500000000
1490103850,1085.000000000000,0.626500000000
1490103850,1085.000000000000,3.104300000000
1490103850,1085.000000000000,7.133500000000
1490103859,1085.350000000000,4.361000000000
1490103901,1085.000000000000,3.172000000000
1490103902,1085.000000000000,4.000000000000
1490103923,1083.680000000000,0.039800000000
1490104006,1084.000000000000,5.000000000000
1490104028,1084.190000000000,0.010000000000
1490104126,1083.300000000000,0.020700000000
1490104260,1082.600000000000,2.769000000000
1490104411,1084.000000000000,0.041400000000
1490104417,1084.000000000000,4.958600000000
1490104417,1084.000000000000,0.453000000000
1490104418,1084.000000000000,0.232000000000
1490104418,1084.000000000000,0.256000000000
1490104543,1084.920000000000,0.003600000000
1490104543,1084.920000000000,0.000100000000
1490104616,1086.430000000000,7.502900000000
1490104616,1087.430000000000,1.497100000000
1490104825,1090.390000000000,0.001900000000
1490105148,1090.370000000000,0.000900000000
1490105148,1090.370000000000,0.000100000000
1490105149,1090.370000000000,0.012000000000
1490105149,1090.370000000000,0.000100000000
1490105170,1090.370000000000,0.035100000000
1490105330,1090.670000000000,1.681500000000
1490105354,1090.670000000000,0.014000000000
1490105635,1091.750000000000,1.682300000000
1490105683,1092.510000000000,0.101100000000
1490105683,1092.510000000000,0.000600000000
1490105845,1094.200000000000,7.924000000000
1490105845,1094.170000000000,6.654700000000
1490105845,1094.200000000000,7.211500000000
1490105899,1094.380000000000,0.052200000000
1490105902,1094.380000000000,0.034400000000
1490105904,1094.380000000000,0.014900000000
1490105905,1094.200000000000,7.665300000000
1490105907,1094.200000000000,3.853900000000
1490105907,1094.200000000000,6.690600000000
1490106028,1093.900000000000,0.353200000000
1490106029,1093.900000000000,0.000100000000
1490106186,1093.180000000000,8.154400000000
1490106234,1093.170000000000,1.680200000000
1490106238,1093.170000000000,0.301500000000
1490106240,1093.170000000000,0.017300000000
1490106241,1093.170000000000,0.033500000000
1490106243,1093.170000000000,0.011500000000
1490106250,1091.900000000000,5.000000000000
1490106250,1093.020000000000,8.364600000000
1490106250,1091.920000000000,2.748000000000
1490106251,1091.330000000000,3.887400000000
1490106276,1093.150000000000,0.041200000000
1490106280,1093.150000000000,9.488200000000
1490106289,1093.150000000000,0.016500000000
1490106294,1093.150000000000,0.006300000000
1490106310,1093.140000000000,2.000000000000
1490106310,1093.150000000000,6.589200000000
1490106311,1093.140000000000,5.000000000000
1490106330,1093.180000000000,7.501000000000
1490106330,1093.130000000000,1.814600000000
1490106330,1093.180000000000,8.099000000000
1490106331,1093.180000000000,7.366700000000
1490106331,1093.180000000000,8.878900000000
1490106567,1093.030000000000,0.450000000000
1490106567,1093.030000000000,0.130000000000
1490106568,1093.030000000000,0.199000000000
1490106568,1093.030000000000,0.449000000000
1490106568,1093.030000000000,0.453000000000
1490106713,1092.400000000000,0.353400000000
1490106751,1092.870000000000,0.009100000000
1490106773,1092.850000000000,0.049400000000
1490106798,1092.850000000000,0.002500000000
1490106850,1092.840000000000,0.452000000000
1490106850,1092.840000000000,0.240000000000
1490106851,1092.840000000000,0.094300000000
1490106851,1092.840000000000,0.446000000000
1490106851,1092.840000000000,0.449000000000
1490106935,1091.250000000000,0.100000000000
1490106950,1091.190000000000,0.115400000000
1490106950,1091.190000000000,0.100300000000
1490106951,1091.190000000000,0.100400000000
1490106957,1091.190000000000,0.012100000000
1490106957,1091.190000000000,0.020000000000
1490107194,1089.140000000000,0.016400000000
1490107412,1089.250000000000,0.011500000000
1490107540,1089.310000000000,0.005000000000
1490107569,1088.430000000000,0.000800000000
1490107704,1089.280000000000,0.664000000000
1490107733,1089.290000000000,0.057900000000
1490107780,1089.490000000000,0.016500000000
1490107846,1090.360000000000,0.009700000000
1490107913,1089.120000000000,0.000900000000
1490107933,1089.790000000000,0.048800000000
1490107956,1089.120000000000,0.036000000000
1490107971,1089.780000000000,0.006600000000
1490108089,1089.630000000000,1.686200000000
1490108117,1089.630000000000,0.019000000000
1490108145,1089.630000000000,0.019000000000
1490108189,1089.630000000000,0.041400000000
1490108208,1089.630000000000,0.043800000000
1490108352,1088.770000000000,3.875000000000
1490108388,1089.630000000000,0.449000000000
1490108388,1089.630000000000,0.456000000000
1490108388,1089.630000000000,0.456000000000
1490108413,1089.780000000000,0.331000000000
1490108470,1089.500000000000,0.033100000000
1490108570,1089.600000000000,0.548300000000
1490108586,1089.600000000000,0.074400000000
1490108770,1091.250000000000,0.590000000000
1490108775,1091.250000000000,0.410000000000
1490108790,1091.250000000000,0.500000000000
1490108798,1091.460000000000,0.650000000000
1490108811,1091.460000000000,0.990000000000
1490108863,1091.970000000000,2.670000000000
1490108866,1091.960000000000,2.580000000000
1490108870,1091.910000000000,1.080000000000
1490108873,1091.910000000000,0.750000000000
1490108875,1091.910000000000,0.900000000000
1490108878,1092.040000000000,0.350000000000
1490108879,1092.040000000000,0.700000000000
1490108880,1092.040000000000,0.050000000000
1490108884,1092.040000000000,0.950000000000
1490108904,1091.960000000000,0.100000000000
1490108974,1091.860000000000,1.679600000000
1490109516,1093.070000000000,0.014000000000
1490109600,1093.070000000000,0.094000000000
1490109600,1093.070000000000,0.441000000000
1490109605,1093.440000000000,0.153300000000
1490109628,1093.130000000000,0.014800000000
1490109636,1093.130000000000,0.004900000000
1490109770,1093.480000000000,7.954400000000
1490109957,1093.480000000000,4.045600000000
1490109957,1093.480000000000,3.677000000000
1490109998,1093.480000000000,7.680000000000
1490109999,1093.480000000000,0.643000000000
1490110000,1093.480000000000,2.071800000000
1490110000,1093.480000000000,4.886700000000
1490110000,1093.480000000000,2.000000000000
1490110000,1093.480000000000,2.105000000000
1490110000,1093.480000000000,7.823200000000
1490110000,1093.480000000000,7.113300000000
1490110220,1093.280000000000,0.687200000000
1490110402,1093.180000000000,2.500000000000
1490110425,1093.180000000000,5.000000000000
1490110454,1093.500000000000,0.030600000000
1490110455,1093.500000000000,0.019000000000
1490110464,1093.500000000000,3.050400000000
1490110466,1093.140000000000,3.100000000000
1490110483,1093.480000000000,7.772200000000
1490110484,1093.480000000000,1.227800000000
1490110485,1093.480000000000,6.400400000000
1490110486,1093.480000000000,2.599600000000
1490110486,1093.480000000000,3.877200000000
1490110487,1093.480000000000,1.294300000000
1490110487,1093.480000000000,5.122800000000
1490110528,1093.480000000000,7.174300000000
1490110555,1093.480000000000,0.531400000000
1490110555,1093.480000000000,4.000000000000
1490110556,1093.090000000000,2.500000000000
1490110557,1090.980000000000,8.212200000000
1490110557,1092.560000000000,8.734000000000
1490110557,1092.290000000000,5.000000000000
1490110557,1090.980000000000,9.447800000000
1490110557,1090.980000000000,9.296500000000
1490110558,1090.980000000000,6.809500000000
1490110561,1093.090000000000,2.500000000000
1490110727,1092.750000000000,0.040400000000
1490110737,1092.750000000000,0.016500000000
1490110760,1092.900000000000,0.010000000000
1490110848,1091.920000000000,0.000100000000
1490110849,1091.920000000000,0.009200000000
1490110849,1091.920000000000,0.000400000000
1490110975,1091.090000000000,0.099100000000
1490110988,1091.010000000000,0.009100000000
1490110999,1091.020000000000,0.059400000000
1490111195,1090.490000000000,0.009600000000
1490111264,1090.290000000000,0.028900000000
1490111280,1089.530000000000,0.934000000000
1490111338,1090.000000000000,3.313400000000
1490111338,1089.990000000000,5.000000000000
1490111339,1090.000000000000,8.123300000000
1490111356,1090.000000000000,8.272400000000
1490111357,1090.000000000000,8.162700000000
1490111357,1090.000000000000,8.487700000000
1490111357,1090.000000000000,3.640500000000
1490111358,1090.000000000000,4.829700000000
1490111358,1090.000000000000,5.170300000000
1490111363,1090.200000000000,8.171900000000
1490111364,1090.000000000000,2.500000000000
1490111364,1090.110000000000,2.500000000000
1490111365,1090.000000000000,2.500000000000
1490111366,1090.000000000000,2.500000000000
1490111379,1090.000000000000,0.008300000000
1490111561,1090.000000000000,0.271400000000
1490111562,1090.000000000000,0.301300000000
1490111563,1090.000000000000,0.115000000000
1490111563,1090.000000000000,0.170000000000
1490111565,1090.000000000000,0.055100000000
1490111570,1090.000000000000,0.010300000000
1490111607,1090.000000000000,8.849500000000
1490111608,1090.000000000000,8.283600000000
1490111608,1090.000000000000,8.608100000000
1490111608,1090.000000000000,8.299500000000
1490111608,1090.000000000000,9.264000000000
1490111609,1090.000000000000,8.943300000000
1490111610,1090.000000000000,8.901900000000
1490111610,1090.000000000000,4.221200000000
1490111610,1090.000000000000,4.595900000000
1490111610,1090.000000000000,7.884600000000
1490111610,1090.000000000000,0.404100000000
1490111610,1090.000000000000,7.641000000000
1490111616,1090.000000000000,8.404300000000
1490111802,1089.990000000000,0.016500000000
1490112151,1089.990000000000,0.033000000000
1490112192,1089.990000000000,0.041300000000
1490112215,1090.000000000000,3.240200000000
1490112215,1089.990000000000,4.925700000000
1490112237,1090.000000000000,0.008300000000
1490112277,1090.000000000000,7.567500000000
1490112427,1090.000000000000,0.033000000000
1490112501,1089.810000000000,0.280000000000
1490112501,1089.810000000000,0.280000000000
1490112501,1089.880000000000,5.000000000000
1490112501,1089.810000000000,0.280000000000
1490112501,1089.810000000000,0.280000000000
1490112502,1089.810000000000,0.280000000000
1490112502,1089.810000000000,0.283000000000
1490112502,1089.810000000000,0.280000000000
1490112502,1089.810000000000,0.282000000000
1490112502,1089.810000000000,0.280000000000
1490112502,1089.810000000000,0.280000000000
1490112630,1090.000000000000,8.122400000000
1490112631,1090.000000000000,6.942400000000
1490112631,1090.000000000000,8.086200000000
1490112709,1091.360000000000,0.001700000000
1490112788,1092.000000000000,0.008200000000
1490112817,1091.910000000000,0.018800000000
1490112817,1091.550000000000,0.311800000000
1490112908,1091.140000000000,2.500000000000
1490112908,1091.260000000000,2.500000000000
1490112909,1091.150000000000,2.500000000000
1490112909,1090.670000000000,5.000000000000
1490112909,1091.150000000000,2.500000000000
1490112910,1091.260000000000,2.500000000000
1490112911,1089.390000000000,5.000000000000
1490112911,1089.890000000000,0.760700000000
1490112912,1089.320000000000,2.500000000000
1490112912,1088.430000000000,5.000000000000
1490112919,1091.110000000000,2.500000000000
1490112920,1090.500000000000,5.000000000000
1490112920,1091.130000000000,2.749000000000
1490112921,1090.500000000000,5.000000000000
1490112921,1091.000000000000,2.500000000000
1490112924,1091.990000000000,0.004100000000
1490112991,1091.440000000000,0.082400000000
1490113006,1091.430000000000,0.033000000000
1490113109,1091.230000000000,0.016500000000
1490113138,1091.900000000000,0.612000000000
1490113138,1091.540000000000,5.000000000000
1490113138,1091.640000000000,2.500000000000
1490113139,1091.540000000000,4.388000000000
1490113139,1091.860000000000,2.500000000000
1490113140,1092.000000000000,8.415100000000
1490113141,1092.000000000000,3.430100000000
1490113141,1091.540000000000,5.000000000000
1490113142,1092.000000000000,8.146600000000
1490113142,1092.390000000000,0.080000000000
1490113148,1093.000000000000,2.739000000000
1490113154,1092.410000000000,0.900000000000
1490113238,1092.670000000000,0.004900000000
1490113552,1093.450000000000,0.016400000000
1490113619,1093.100000000000,0.029600000000
1490113959,1094.910000000000,0.032900000000
1490114190,1095.020000000000,7.000000000000
1490114191,1095.020000000000,1.364000000000
1490114191,1095.020000000000,1.136000000000
1490114192,1094.890000000000,2.500000000000
1490114193,1094.780000000000,2.500000000000
1490114193,1094.780000000000,2.500000000000
1490114194,1095.010000000000,2.500000000000
1490114194,1094.920000000000,2.500000000000
1490114195,1094.920000000000,2.500000000000
1490114195,1094.920000000000,2.500000000000
1490114197,1094.980000000000,2.500000000000
1490114197,1094.860000000000,2.500000000000
1490114226,1095.350000000000,2.500000000000
1490114226,1095.350000000000,0.102000000000
1490114350,1095.930000000000,0.009000000000
1490114403,1095.990000000000,0.053300000000
1490114473,1095.990000000000,1.146800000000
1490114476,1096.000000000000,4.371400000000
1490114476,1095.990000000000,5.000000000000
1490114476,1095.990000000000,3.799900000000
1490114477,1095.990000000000,5.000000000000
1490114477,1096.000000000000,3.031200000000
1490114498,1095.990000000000,0.057400000000
1490114555,1095.990000000000,0.037700000000
1490114584,1095.990000000000,4.904900000000
1490114585,1095.990000000000,5.000000000000
1490114585,1096.000000000000,2.883000000000
1490114585,1096.000000000000,8.826600000000
1490114586,1096.000000000000,2.785700000000
1490114597,1096.000000000000,0.012300000000
1490114601,1096.000000000000,0.016400000000
1490114619,1096.000000000000,7.558900000000
1490114620,1096.000000000000,7.890600000000
1490114620,1096.000000000000,4.951700000000
1490114620,1096.000000000000,7.672200000000
1490114621,1096.040000000000,0.100000000000
1490114637,1096.710000000000,0.032800000000
1490114640,1096.710000000000,0.196800000000
1490114754,1096.750000000000,0.049200000000
1490114758,1096.750000000000,0.018000000000
1490114846,1096.750000000000,0.009800000000
1490114889,1097.000000000000,0.286800000000
1490114910,1097.000000000000,0.018800000000
1490115011,1097.990000000000,0.092500000000
1490115054,1098.620000000000,8.117100000000
1490115126,1099.000000000000,0.010000000000
1490115126,1099.000000000000,0.006400000000
1490115165,1099.000000000000,7.618000000000
1490115165,1099.000000000000,8.152100000000
1490115166,1099.000000000000,8.571600000000
1490115166,1099.000000000000,8.416700000000
1490115166,1099.000000000000,7.235200000000
1490115183,1099.590000000000,0.018800000000
1490115192,1099.590000000000,24.981200000000
1490115321,1100.000000000000,7.953800000000
1490115321,1100.000000000000,7.051800000000
1490115321,1100.000000000000,8.303200000000
1490115321,1099.990000000000,0.250000000000
1490115349,1100.000000000000,8.132900000000
1490115349,1100.000000000000,8.142300000000
1490115349,1100.000000000000,7.932500000000
1490115350,1100.000000000000,6.969400000000
1490115350,1100.000000000000,7.902200000000
1490115350,1100.000000000000,8.228700000000
1490115358,1100.000000000000,6.000000000000
1490115367,1100.000000000000,4.101000000000
1490115367,1100.000000000000,2.936800000000
1490115367,1100.000000000000,0.100000000000
1490115368,1100.000000000000,7.445000000000
1490115368,1100.000000000000,7.292100000000
1490115369,1100.000000000000,7.326100000000
1490115369,1100.000000000000,0.042200000000
1490115369,1100.000000000000,4.600700000000
1490115378,1100.970000000000,1.300000000000
1490115384,1101.000000000000,6.849300000000
1490115385,1101.000000000000,7.888400000000
1490115385,1101.000000000000,6.748200000000
1490115385,1101.000000000000,6.653700000000
1490115386,1101.000000000000,7.823000000000
1490115386,1101.000000000000,8.023800000000
1490115387,1101.000000000000,6.013600000000
1490115414,1102.000000000000,20.000000000000
1490115423,1102.000000000000,0.131300000000
1490115430,1102.000000000000,7.420000000000
1490115430,1102.000000000000,22.448700000000
1490115435,1103.110000000000,2.500000000000
1490115435,1103.570000000000,2.500000000000
1490115436,1103.170000000000,2.500000000000
1490115437,1103.170000000000,2.500000000000
1490115440,1103.300000000000,2.500000000000
1490115441,1103.240000000000,0.157000000000
1490115523,1104.380000000000,0.113900000000
1490115545,1104.400000000000,2.500000000000
1490115545,1104.610000000000,2.637200000000
1490115545,1104.590000000000,2.710000000000
1490115545,1104.610000000000,2.362800000000
1490115617,1105.000000000000,0.078200000000
1490115632,1105.000000000000,7.217100000000
1490115632,1105.000000000000,7.273400000000
1490115632,1105.000000000000,0.431300000000
1490115699,1105.180000000000,0.191000000000
1490115699,1105.180000000000,5.000000000000
1490115700,1105.030000000000,0.100000000000
1490115700,1105.070000000000,5.000000000000
1490115700,1105.140000000000,2.500000000000
1490115700,1105.070000000000,2.500000000000
1490115703,1105.190000000000,5.000000000000
1490115703,1105.050000000000,2.500000000000
1490115704,1104.910000000000,5.000000000000
1490115783,1105.610000000000,0.006500000000
1490115794,1105.260000000000,0.081300000000
1490115814,1105.330000000000,0.008900000000
1490115906,1105.770000000000,0.024400000000
1490115915,1105.770000000000,0.040600000000
1490116000,1105.960000000000,0.162600000000
1490116074,1105.370000000000,2.714000000000
1490116078,1101.990000000000,0.100000000000
1490116078,1102.000000000000,7.551300000000
1490116079,1100.860000000000,0.100000000000
1490116082,1102.890000000000,2.500000000000
1490116082,1102.890000000000,2.500000000000
1490116083,1103.440000000000,2.500000000000
1490116084,1104.960000000000,2.500000000000
1490116084,1104.990000000000,2.500000000000
1490116085,1103.320000000000,2.500000000000
1490116086,1104.970000000000,2.500000000000
1490116087,1104.970000000000,2.500000000000
1490116088,1104.910000000000,2.500000000000
1490116089,1104.940000000000,2.500000000000
1490116095,1105.620000000000,0.033300000000
1490116193,1106.370000000000,0.097500000000
1490116235,1106.460000000000,0.016200000000
1490116238,1106.460000000000,0.024400000000
1490116296,1106.800000000000,0.097500000000
1490116426,1106.460000000000,2.633400000000
1490116567,1108.150000000000,0.653900000000
1490116588,1107.990000000000,0.003200000000
1490116615,1107.490000000000,0.278500000000
1490116677,1107.990000000000,0.110000000000
1490116839,1108.640000000000,0.400600000000
1490116839,1108.370000000000,2.500000000000
1490116839,1108.380000000000,2.693000000000
1490116865,1108.630000000000,0.097100000000
1490116918,1108.630000000000,0.048600000000
1490116925,1108.630000000000,0.854300000000
1490116949,1109.290000000000,5.000000000000
1490116949,1109.280000000000,0.800000000000
1490116953,1109.760000000000,0.004900000000
1490116973,1110.250000000000,0.107700000000
1490117034,1111.250000000000,0.032400000000
1490117075,1111.780000000000,8.651200000000
1490117092,1112.910000000000,0.220600000000
1490117097,1112.910000000000,0.008400000000
1490117408,1117.670000000000,2.047700000000
1490117639,1117.010000000000,0.444000000000
1490117639,1117.000000000000,6.652600000000
1490117639,1117.010000000000,0.271000000000
1490117639,1117.010000000000,0.443000000000
1490117639,1117.010000000000,0.444000000000
1490117639,1117.010000000000,0.444000000000
1490117641,1116.820000000000,2.500000000000
1490117641,1116.970000000000,2.500000000000
1490117641,1117.000000000000,3.347400000000
1490117642,1116.780000000000,2.500000000000
1490117643,1117.010000000000,2.500000000000
1490117644,1116.790000000000,2.500000000000
1490117647,1116.700000000000,2.500000000000
1490117685,1115.530000000000,2.500000000000
1490117878,1112.990000000000,2.500000000000
1490117878,1113.000000000000,5.000000000000
1490117879,1112.150000000000,5.000000000000
1490118183,1113.260000000000,0.922300000000
1490118395,1112.610000000000,0.927200000000
1490118401,1112.610000000000,2.500000000000
1490118707,1113.330000000000,5.369000000000
1490118761,1112.500000000000,0.010000000000
1490118833,1112.160000000000,0.240000000000
1490118834,1112.160000000000,0.272000000000
1490118834,1112.160000000000,0.281000000000
1490118834,1112.160000000000,0.279000000000
1490118834,1112.160000000000,0.279000000000
1490118834,1112.160000000000,0.279000000000
1490118834,1112.160000000000,0.279000000000
1490118835,1112.160000000000,0.279000000000
1490118835,1112.160000000000,0.279000000000
1490118835,1112.160000000000,0.280000000000
1490118847,1111.780000000000,1.348800000000
1490118876,1111.730000000000,1.593300000000
1490118876,1111.720000000000,2.690000000000
1490118922,1111.280000000000,7.637900000000
1490118922,1111.290000000000,5.000000000000
1490118923,1110.000000000000,4.351700000000
1490118923,1110.000000000000,7.010400000000
1490119791,1110.000000000000,6.000000000000
1490119804,1109.590000000000,2.500000000000
1490119804,1109.590000000000,2.692000000000
1490119805,1109.640000000000,2.500000000000
1490119806,1107.980000000000,1.259600000000
1490119807,1109.640000000000,2.500000000000
1490119826,1109.730000000000,2.500000000000
1490119914,1108.790000000000,5.000000000000
1490119914,1108.780000000000,2.692000000000
1490120006,1106.000000000000,7.147500000000
1490120006,1106.130000000000,7.390700000000
1490120035,1106.000000000000,1.866400000000
1490120035,1105.990000000000,2.500000000000
1490120035,1105.990000000000,2.709000000000
1490120036,1106.000000000000,6.717200000000
1490120036,1106.000000000000,0.289900000000
1490120036,1106.000000000000,6.878200000000
1490120037,1106.000000000000,2.210100000000
1490120037,1107.040000000000,2.500000000000
1490120038,1107.040000000000,2.500000000000
1490120039,1106.860000000000,2.500000000000
1490120039,1106.820000000000,2.500000000000
1490120040,1106.860000000000,2.500000000000
1490120042,1106.800000000000,2.500000000000
1490120082,1107.520000000000,1.160000000000
1490120307,1107.070000000000,3.186000000000
1490120345,1107.460000000000,2.500000000000
1490120346,1107.530000000000,2.500000000000
1490120527,1109.750000000000,67.207500000000
1490120527,1109.940000000000,9.096600000000
1490120527,1109.940000000000,8.083200000000
1490120527,1109.940000000000,7.042600000000
1490120527,1107.920000000000,8.570100000000
1490120550,1109.940000000000,9.201800000000
1490120550,1109.940000000000,8.140600000000
1490120550,1108.570000000000,8.312100000000
1490120551,1109.940000000000,8.824200000000
1490120551,1109.940000000000,9.008400000000
1490120551,1109.940000000000,7.833200000000
1490120551,1109.940000000000,9.117600000000
1490120552,1109.940000000000,8.013600000000
1490120552,1109.940000000000,7.828400000000
1490120552,1109.940000000000,8.147100000000
1490120553,1109.940000000000,7.546400000000
1490120553,1109.940000000000,2.500000000000
1490120553,1109.940000000000,7.510200000000
1490120553,1109.940000000000,0.516400000000
1490120554,1109.170000000000,2.500000000000
1490120555,1109.940000000000,2.500000000000
1490120555,1109.230000000000,2.500000000000
1490120556,1109.870000000000,2.500000000000
1490120557,1109.360000000000,2.500000000000
1490120892,1110.120000000000,8.077600000000
1490120892,1110.120000000000,7.477900000000
1490120892,1110.110000000000,8.189300000000
1490120893,1110.120000000000,7.888700000000
1490120893,1110.120000000000,5.166500000000
1490120920,1110.140000000000,0.800000000000
1490120924,1110.140000000000,0.100000000000
1490121421,1109.340000000000,6.000000000000
1490121563,1109.330000000000,0.500000000000
1490121564,1109.290000000000,2.500000000000
1490121567,1109.430000000000,0.200000000000
1490121577,1109.240000000000,1.900000000000
1490121577,1109.070000000000,2.500000000000
1490122354,1107.620000000000,5.000000000000
1490122419,1107.480000000000,8.838500000000
1490122419,1107.000000000000,1.161500000000
1490122781,1106.990000000000,5.000000000000
1490122805,1106.990000000000,5.000000000000
1490122806,1106.990000000000,5.000000000000
1490122806,1107.000000000000,2.834100000000
1490122806,1107.000000000000,2.868600000000
1490122807,1107.100000000000,1.715600000000
1490122807,1107.000000000000,4.097300000000
1490122807,1107.090000000000,2.711000000000
1490122807,1107.100000000000,0.784400000000
1490122809,1107.260000000000,5.000000000000
1490122811,1107.250000000000,2.500000000000
1490122812,1107.100000000000,5.000000000000
1490123566,1107.690000000000,1.500000000000
1490123790,1107.230000000000,0.200000000000
1490123863,1107.800000000000,0.100000000000
1490123927,1108.000000000000,3.000000000000
1490124364,1107.700000000000,6.000000000000
1490125027,1106.960000000000,0.034300000000
1490125249,1106.700000000000,3.000000000000
1490126179,1109.850000000000,0.220000000000
1490126359,1110.560000000000,2.500000000000
1490126359,1110.580000000000,2.691000000000
1490126359,1110.530000000000,2.500000000000
1490126487,1111.100000000000,5.000000000000
1490126613,1113.540000000000,2.500000000000
1490126613,1113.610000000000,2.686000000000
1490126613,1113.600000000000,2.500000000000
1490126614,1113.530000000000,0.183000000000
1490126614,1113.530000000000,2.500000000000
1490126614,1113.530000000000,2.500000000000
1490126615,1113.550000000000,2.500000000000
1490126616,1113.520000000000,2.500000000000
1490126616,1113.520000000000,2.500000000000
1490126617,1113.570000000000,2.500000000000
1490126617,1113.570000000000,2.500000000000
1490126618,1113.550000000000,2.500000000000
1490126944,1115.080000000000,0.093000000000
1490127003,1114.870000000000,5.000000000000
1490127003,1114.890000000000,2.500000000000
1490127004,1114.870000000000,5.000000000000
1490127004,1115.050000000000,2.500000000000
1490127005,1115.050000000000,0.711600000000
1490127005,1114.870000000000,4.288400000000
1490127005,1114.890000000000,2.500000000000
1490127007,1114.990000000000,5.000000000000
1490127204,1115.370000000000,0.010000000000
1490127205,1115.860000000000,7.490000000000
1490127335,1115.050000000000,3.235600000000
1490127335,1115.060000000000,2.500000000000
1490127335,1115.070000000000,2.676000000000
1490127351,1115.180000000000,5.000000000000
1490127368,1115.880000000000,5.000000000000
1490127385,1115.910000000000,1.000000000000
1490127423,1116.000000000000,0.443000000000
1490127733,1115.520000000000,2.500000000000
1490127733,1115.470000000000,2.687000000000
1490127735,1115.170000000000,2.500000000000
1490127735,1115.100000000000,2.500000000000
1490127736,1115.150000000000,2.500000000000
1490127737,1115.100000000000,2.500000000000
1490128067,1115.200000000000,0.036200000000
