1421182064,237.150000000000,1.246400000000
1421182065,237.150000000000,2.258500000000
1421182065,237.150000000000,2.001900000000
1421182065,237.150000000000,1.877500000000
1421182066,237.150000000000,1.238100000000
1421182067,237.150000000000,2.072900000000
1421182067,237.150000000000,1.746700000000
1421182067,237.150000000000,1.114400000000
1421182068,237.150000000000,1.044100000000
1421182100,237.150000000000,1.842800000000
1421182101,237.150000000000,1.206900000000
1421182162,237.037000000000,2.981200000000
1421182270,236.110000000000,1.006500000000
1421182295,236.300000000000,1.936500000000
1421182296,236.300000000000,0.038200000000
1421182387,235.830000000000,0.039000000000
1421182703,236.400000000000,0.039000000000
1421182875,236.390000000000,2.152700000000
1421182880,236.430000000000,1.847300000000
1421182902,236.190000000000,0.039000000000
1421182962,236.190000000000,2.000000000000
1421182973,236.190000000000,2.050700000000
1421182973,236.000000000000,49.008500000000
1421182978,236.190000000000,1.718500000000
1421182988,236.450000000000,0.039000000000
1421183029,236.200000000000,0.039000000000
1421183053,236.000000000000,0.991500000000
1421183080,235.670000000000,3.648700000000
1421183098,235.670000000000,0.039000000000
1421183168,235.520000000000,0.039000000000
1421183172,235.550000000000,0.020000000000
1421183231,235.740000000000,0.039000000000
1421183254,235.500000000000,0.039000000000
1421183329,235.500000000000,1.852800000000
1421183343,235.500000000000,2.160800000000
1421183348,235.500000000000,0.692200000000
1421183355,235.500000000000,1.000000000000
1421183377,235.500000000000,3.852500000000
1421183390,235.540000000000,0.039000000000
1421183400,235.500000000000,3.850900000000
1421183418,235.500000000000,2.000000000000
1421183449,235.510000000000,2.850800000000
1421183455,235.500000000000,0.039000000000
1421183476,235.500000000000,2.335900000000
1421183476,235.500000000000,1.731900000000
1421183477,235.500000000000,0.960000000000
1421183477,235.500000000000,2.208200000000
1421183477,235.500000000000,1.487100000000
1421183477,235.500000000000,1.020600000000
1421183478,235.500000000000,1.306500000000
1421183513,235.530000000000,0.039000000000
1421183532,235.500000000000,0.039000000000
1421183577,235.530000000000,0.039000000000
1421183599,235.500000000000,2.218100000000
1421183600,235.500000000000,1.721600000000
1421183601,235.500000000000,1.108600000000
1421183601,235.500000000000,1.563100000000
1421183602,235.500000000000,1.348500000000
1421183602,235.500000000000,1.148000000000
1421183602,235.500000000000,2.028900000000
1421183603,235.500000000000,2.230800000000
1421183603,235.500000000000,1.383400000000
1421183603,235.500000000000,1.618200000000
1421183603,235.500000000000,0.772600000000
1421183604,235.500000000000,0.805900000000
1421183604,235.500000000000,2.074500000000
1421183604,235.500000000000,1.430500000000
1421183610,235.500000000000,1.794500000000
1421183611,235.500000000000,0.176400000000
1421183620,235.250000000000,0.039000000000
1421183662,235.250000000000,0.862900000000
1421183662,235.250000000000,4.352700000000
1421183662,235.250000000000,1.081200000000
1421183663,235.250000000000,3.664200000000
1421183664,235.000000000000,1.671200000000
1421183664,235.000000000000,1.697500000000
1421183665,235.000000000000,1.940000000000
1421183665,235.000000000000,1.335400000000
1421183666,235.000000000000,1.969300000000
1421183666,235.000000000000,1.299500000000
1421183666,235.000000000000,1.752800000000
1421183667,235.000000000000,1.805200000000
1421183667,235.000000000000,1.633900000000
1421183667,235.000000000000,1.471300000000
1421183667,235.000000000000,1.500400000000
1421183668,235.000000000000,1.430200000000
1421183668,235.000000000000,1.048100000000
1421183668,235.000000000000,1.778100000000
1421183669,235.000000000000,0.865300000000
1421183669,235.000000000000,0.851600000000
1421183669,235.000000000000,1.104300000000
1421183669,235.000000000000,0.765400000000
1421183669,235.000000000000,1.397900000000
1421183670,235.000000000000,1.029300000000
1421183670,235.000000000000,0.976900000000
1421183671,235.000000000000,1.963000000000
1421183695,235.000000000000,0.570800000000
1421183695,235.000000000000,1.651600000000
1421183695,235.000000000000,1.852500000000
1421183696,235.000000000000,0.908900000000
1421183696,235.000000000000,1.091200000000
1421183697,235.000000000000,1.353400000000
1421183697,235.000000000000,0.816700000000
1421183697,235.000000000000,1.447900000000
1421183698,235.000000000000,0.637500000000
1421183698,235.000000000000,1.777600000000
1421183698,235.000000000000,0.730100000000
1421183699,235.000000000000,0.872600000000
1421183699,235.000000000000,0.884800000000
1421183700,235.000000000000,1.883500000000
1421183700,235.000000000000,0.714300000000
1421183701,235.000000000000,1.326800000000
1421183701,234.820000000000,1.257900000000
1421183701,235.000000000000,0.193200000000
1421183702,234.820000000000,0.550700000000
1421183716,234.830000000000,0.039000000000
1421183724,234.820000000000,1.469100000000
1421183725,234.820000000000,1.253300000000
1421183725,234.820000000000,1.154600000000
1421183725,234.820000000000,0.771400000000
1421183725,234.820000000000,1.409800000000
1421183726,234.820000000000,1.155700000000
1421183726,234.820000000000,0.873700000000
1421183727,234.820000000000,0.103800000000
1421183809,234.500000000000,1.409300000000
1421183810,234.500000000000,0.840300000000
1421183810,234.500000000000,0.813700000000
1421183815,234.500000000000,1.872200000000
1421183902,234.500000000000,1.032300000000
1421183902,234.500000000000,3.562900000000
1421183902,234.500000000000,1.739000000000
1421183902,234.500000000000,3.830700000000
1421183903,234.500000000000,0.964900000000
1421183903,234.500000000000,3.839000000000
1421183903,234.500000000000,1.208400000000
1421183908,234.500000000000,3.372300000000
1421183908,234.500000000000,1.160900000000
1421183909,234.500000000000,1.087100000000
1421183909,234.500000000000,4.375300000000
1421183909,234.500000000000,1.000700000000
1421183909,234.500000000000,0.769400000000
1421183909,234.500000000000,0.648900000000
1421183910,234.500000000000,0.753000000000
1421183910,234.500000000000,1.664600000000
1421183910,234.500000000000,1.479900000000
1421183910,234.500000000000,1.229800000000
1421183910,234.500000000000,1.277400000000
1421183911,234.500000000000,1.280100000000
1421183911,234.500000000000,0.815500000000
1421183911,234.500000000000,1.063100000000
1421183911,234.500000000000,1.295400000000
1421183911,234.500000000000,0.541700000000
1421183911,234.500000000000,0.648900000000
1421183924,235.080000000000,0.622000000000
1421183931,234.500000000000,1.115500000000
1421183931,234.500000000000,1.986700000000
1421183932,234.500000000000,0.819900000000
1421183933,234.500000000000,0.501200000000
1421183941,234.910000000000,0.039000000000
1421183968,234.586400000000,4.000000000000
1421183983,234.030000000000,1.266500000000
1421183984,234.030000000000,1.534600000000
1421183989,234.050000000000,0.039000000000
1421184120,234.040000000000,0.039000000000
1421184155,234.410000000000,0.624000000000
1421184208,234.700000000000,0.624000000000
1421184215,234.710000000000,0.624000000000
1421184259,234.710000000000,2.634700000000
1421184259,234.370000000000,0.478000000000
1421184261,234.180000000000,10.963400000000
1421184262,234.030000000000,0.923900000000
1421184269,234.160000000000,0.590000000000
1421184271,234.030000000000,1.149500000000
1421184300,235.020000000000,0.039000000000
1421184364,235.900000000000,0.020000000000
1421184374,236.000000000000,0.039000000000
1421184389,235.550000000000,0.039000000000
1421184396,236.250000000000,3.123500000000
1421184550,236.890000000000,0.039000000000
1421184570,236.780000000000,0.477500000000
1421184581,237.000000000000,0.039000000000
1421184615,237.250000000000,0.593000000000
1421184622,237.250000000000,0.404000000000
1421184877,236.980000000000,0.492900000000
1421184877,236.880600000000,4.000000000000
1421184881,236.980000000000,0.101100000000
1421184898,236.470000000000,0.605000000000
1421184922,236.180000000000,0.506000000000
1421184930,236.150000000000,0.000200000000
1421184950,236.310000000000,0.603000000000
1421184989,236.153100000000,0.857600000000
1421184990,236.153100000000,1.705700000000
1421184991,236.153100000000,1.436700000000
1421185041,236.650000000000,0.603000000000
1421185043,236.950000000000,0.594000000000
1421185043,236.733900000000,3.203200000000
1421185128,236.550000000000,0.039000000000
1421185180,236.810000000000,0.039000000000
1421185250,236.730000000000,0.039000000000
1421185265,236.730000000000,0.523000000000
1421185328,236.880000000000,0.039000000000
1421185364,236.870000000000,0.063500000000
1421185409,236.740000000000,0.039000000000
1421185426,236.740000000000,0.238000000000
1421185460,237.010000000000,0.454000000000
1421185463,237.170000000000,0.468000000000
1421185739,237.690000000000,0.500000000000
1421185769,237.870000000000,3.205100000000
1421185798,237.470000000000,0.202300000000
1421185822,238.260000000000,0.039000000000
1421186058,237.700000000000,0.039000000000
1421186093,237.260000000000,0.039000000000
1421186124,237.570000000000,0.039000000000
1421186140,237.730000000000,0.535000000000
1421186341,237.530000000000,0.039000000000
1421186608,236.820000000000,0.039000000000
1421186760,237.030000000000,0.039000000000
1421186923,236.920000000000,0.483000000000
1421186932,237.090000000000,0.471000000000
1421186940,237.360000000000,0.463000000000
1421186949,236.780000000000,0.039000000000
1421187011,237.270000000000,0.039000000000
1421187012,237.270000000000,0.600000000000
1421187103,237.700000000000,0.500000000000
1421187108,237.710000000000,0.039000000000
1421187187,237.440000000000,0.039000000000
1421187239,237.140000000000,0.598000000000
1421187298,236.880000000000,0.039000000000
1421187359,236.770000000000,0.039000000000
1421187389,236.530000000000,0.594000000000
1421187411,236.480000000000,0.513000000000
1421187417,236.390000000000,0.295300000000
1421187459,236.470000000000,0.210700000000
1421187652,236.000000000000,0.591000000000
1421187655,235.840000000000,0.603000000000
1421187671,235.990000000000,0.294300000000
1421187676,235.660000000000,0.039000000000
1421187691,236.280000000000,0.605000000000
1421187693,236.292600000000,3.193000000000
1421187732,235.460000000000,0.039000000000
1421187747,235.520000000000,0.039000000000
1421187786,235.820000000000,0.039000000000
1421187791,235.540000000000,0.699300000000
1421187791,235.540000000000,1.377300000000
1421187791,235.540000000000,1.116400000000
1421187834,235.290000000000,0.469000000000
1421187850,234.780000000000,0.039000000000
1421187880,234.880000000000,0.039000000000
1421187901,235.130000000000,0.039000000000
1421187933,235.130000000000,0.294300000000
1421187973,234.430000000000,0.039000000000
1421188008,234.420000000000,0.599000000000
1421188026,234.030000000000,0.834900000000
1421188030,234.030000000000,1.631100000000
1421188030,234.030000000000,1.561500000000
1421188031,234.000000000000,1.757700000000
1421188031,234.000000000000,0.605400000000
1421188031,234.030000000000,1.098000000000
1421188102,234.000000000000,1.352400000000
1421188102,234.000000000000,1.162200000000
1421188103,234.000000000000,1.612800000000
1421188103,234.000000000000,1.614700000000
1421188103,234.000000000000,1.958200000000
1421188103,234.000000000000,1.508100000000
1421188103,234.000000000000,1.328300000000
1421188104,234.000000000000,1.029100000000
1421188105,234.000000000000,1.492300000000
1421188105,234.000000000000,1.875000000000
1421188105,234.000000000000,1.242400000000
1421188105,234.000000000000,1.098900000000
1421188106,234.000000000000,1.412100000000
1421188107,234.000000000000,1.994100000000
1421188117,234.000000000000,0.039000000000
1421188120,234.000000000000,0.905600000000
1421188121,234.000000000000,0.575100000000
1421188122,234.000000000000,1.010800000000
1421188122,234.000000000000,0.502000000000
1421188123,234.000000000000,1.842700000000
1421188124,234.000000000000,1.561600000000
1421188125,234.000000000000,1.308700000000
1421188125,234.000000000000,1.698200000000
1421188125,234.000000000000,1.531700000000
1421188126,234.000000000000,1.732300000000
1421188127,234.000000000000,0.801200000000
1421188128,234.000000000000,1.661200000000
1421188128,234.000000000000,1.684400000000
1421188129,234.000000000000,1.693600000000
1421188129,234.000000000000,0.982200000000
1421188129,234.000000000000,1.556100000000
1421188130,234.000000000000,1.380300000000
1421188131,234.000000000000,0.795700000000
1421188132,234.000000000000,0.627000000000
1421188138,234.000000000000,1.075400000000
1421188139,234.000000000000,0.700000000000
1421188139,233.980000000000,0.490300000000
1421188139,234.000000000000,0.719800000000
1421188139,234.000000000000,0.571700000000
1421188139,233.980000000000,0.509700000000
1421188139,233.980000000000,0.894500000000
1421188140,233.980000000000,1.000000000000
1421188140,233.980000000000,0.435200000000
1421188140,233.980000000000,0.105500000000
1421188140,233.980000000000,0.564800000000
1421188141,233.980000000000,0.216500000000
1421188141,233.980000000000,0.561100000000
1421188146,233.980000000000,0.222400000000
1421188148,233.980000000000,0.404600000000
1421188150,233.980000000000,0.222400000000
1421188151,233.980000000000,0.373000000000
1421188152,233.980000000000,1.000000000000
1421188153,233.980000000000,1.000000000000
1421188153,233.980000000000,1.000000000000
1421188154,233.980000000000,0.627000000000
1421188155,233.980000000000,1.000000000000
1421188155,233.980000000000,0.156300000000
1421188155,233.980000000000,0.843700000000
1421188155,233.980000000000,0.373000000000
1421188156,233.980000000000,0.059600000000
1421188156,233.980000000000,0.358400000000
1421188156,233.980000000000,0.940400000000
1421188156,233.980000000000,0.641600000000
1421188157,233.980000000000,1.000000000000
1421188204,233.400000000000,0.039000000000
1421188226,233.150000000000,0.895500000000
1421188226,233.150000000000,1.290100000000
1421188227,233.150000000000,1.876900000000
1421188227,233.150000000000,0.824700000000
1421188228,233.000000000000,0.703500000000
1421188228,233.150000000000,0.645500000000
1421188228,233.150000000000,4.467300000000
1421188228,233.000000000000,0.627500000000
1421188229,233.000000000000,0.988600000000
1421188230,233.000000000000,1.600100000000
1421188231,233.000000000000,1.848900000000
1421188231,233.000000000000,1.602100000000
1421188231,233.000000000000,0.562400000000
1421188231,233.000000000000,1.313900000000
1421188231,233.000000000000,1.784200000000
1421188232,233.000000000000,1.675800000000
1421188236,233.000000000000,1.080200000000
1421188236,233.000000000000,1.764000000000
1421188237,233.000000000000,1.468400000000
1421188237,233.000000000000,0.806800000000
1421188238,233.000000000000,1.021700000000
1421188255,233.000000000000,0.802500000000
1421188255,233.000000000000,1.899600000000
1421188255,233.000000000000,0.972000000000
1421188255,233.000000000000,1.751200000000
1421188256,233.000000000000,1.263500000000
1421188257,233.000000000000,1.618100000000
1421188257,233.000000000000,1.367800000000
1421188258,233.000000000000,1.053900000000
1421188258,233.000000000000,0.039000000000
1421188259,233.000000000000,0.600000000000
1421188259,233.000000000000,1.767900000000
1421188259,233.000000000000,0.943700000000
1421188261,233.000000000000,0.294300000000
1421188264,233.000000000000,1.679700000000
1421188265,233.000000000000,1.034100000000
1421188265,233.000000000000,0.866500000000
1421188265,233.000000000000,1.413200000000
1421188265,233.000000000000,1.794300000000
1421188266,233.000000000000,0.784400000000
1421188266,233.000000000000,0.853800000000
1421188266,233.000000000000,1.003500000000
1421188267,233.000000000000,1.888600000000
1421188267,233.000000000000,0.558400000000
1421188268,233.000000000000,0.501300000000
1421188268,233.000000000000,1.697000000000
1421188275,233.000000000000,0.294300000000
1421188278,233.000000000000,0.372300000000
1421188278,233.000000000000,1.284500000000
1421188278,233.000000000000,0.752500000000
1421188280,232.470000000000,2.405300000000
1421188337,231.500000000000,0.969000000000
1421188338,231.500000000000,1.944700000000
1421188343,231.500000000000,1.004700000000
1421188344,231.500000000000,1.634200000000
1421188344,231.510000000000,0.039000000000
1421188348,231.500000000000,1.839000000000
1421188348,231.500000000000,0.816900000000
1421188348,231.500000000000,0.526600000000
1421188349,231.500000000000,0.784200000000
1421188349,231.500000000000,1.531000000000
1421188349,231.500000000000,1.808100000000
1421188350,231.500000000000,1.113800000000
1421188350,231.500000000000,1.368000000000
1421188353,231.500000000000,0.524200000000
1421188353,231.500000000000,1.413600000000
1421188353,231.500000000000,1.697800000000
1421188354,231.500000000000,1.447900000000
1421188355,231.500000000000,1.235100000000
1421188355,231.500000000000,1.085700000000
1421188356,231.500000000000,1.069700000000
1421188356,231.500000000000,1.585200000000
1421188357,231.500000000000,1.578600000000
1421188357,231.500000000000,1.680900000000
1421188357,231.500000000000,1.166300000000
1421188359,231.500000000000,0.012000000000
1421188360,231.500000000000,0.644300000000
1421188360,231.500000000000,1.481100000000
1421188360,231.500000000000,0.617000000000
1421188361,231.500000000000,1.882800000000
1421188361,231.500000000000,0.602300000000
1421188373,231.500000000000,3.674200000000
1421188373,231.500000000000,1.564100000000
1421188373,231.500000000000,3.473000000000
1421188373,231.500000000000,5.571000000000
1421188373,231.500000000000,0.653000000000
1421188374,230.800000000000,1.101600000000
1421188375,230.800000000000,2.148700000000
1421188375,230.800000000000,2.052600000000
1421188375,230.800000000000,2.947400000000
1421188375,230.800000000000,1.749700000000
1421188376,230.300000000000,0.432400000000
1421188376,230.300000000000,3.472500000000
1421188376,230.300000000000,0.102000000000
1421188376,230.300000000000,3.338700000000
1421188376,230.300000000000,1.095100000000
1421188377,230.300000000000,1.559300000000
1421188411,228.880000000000,0.941400000000
1421188412,228.880000000000,1.084400000000
1421188412,228.880000000000,0.908400000000
1421188412,228.880000000000,1.910700000000
1421188412,228.880000000000,1.199500000000
1421188413,228.880000000000,1.962200000000
1421188413,228.880000000000,1.620000000000
1421188414,228.880000000000,1.808900000000
1421188414,228.880000000000,1.064500000000
1421188420,228.630000000000,3.000000000000
1421188481,228.310000000000,0.156000000000
1421188509,227.790000000000,3.742000000000
1421188510,227.790000000000,0.219000000000
1421188513,227.660000000000,0.606000000000
1421188520,227.550000000000,0.629000000000
1421188543,227.430000000000,0.100000000000
1421188557,227.450000000000,1.682500000000
1421188558,227.450000000000,1.022500000000
1421188559,227.450000000000,0.668100000000
1421188559,227.450000000000,0.626900000000
1421188583,231.230000000000,0.882900000000
1421188607,227.540000000000,0.294300000000
1421188643,228.270000000000,4.000000000000
1421188660,229.130000000000,0.556000000000
1421188663,228.900000000000,1.432200000000
1421188663,229.190000000000,2.567800000000
1421188666,229.330000000000,0.530000000000
1421188668,229.330000000000,0.294300000000
1421188689,229.280000000000,0.039000000000
1421188694,229.060000000000,3.889500000000
1421188694,228.452800000000,4.000000000000
1421188694,228.550000000000,11.512300000000
1421188695,228.100000000000,20.718500000000
1421188695,227.080000000000,30.511600000000
1421188695,227.810000000000,29.368100000000
1421188701,227.840000000000,0.039000000000
1421188708,227.910000000000,0.631000000000
1421188712,228.489500000000,3.135100000000
1421188713,228.489500000000,0.864900000000
1421188761,228.760000000000,0.039000000000
1421188850,228.480000000000,0.531000000000
1421188850,228.370000000000,0.294300000000
1421188952,229.930000000000,0.039000000000
1421189019,229.630000000000,0.039000000000
1421189078,230.360000000000,0.039000000000
1421189086,230.020000000000,0.039000000000
1421189105,230.240000000000,0.039000000000
1421189206,229.700000000000,0.039000000000
1421189260,229.700000000000,0.039000000000
1421189311,229.380000000000,0.039000000000
1421189352,229.380000000000,1.726900000000
1421189352,229.380000000000,0.905800000000
1421189352,229.380000000000,0.820400000000
1421189353,229.380000000000,0.507900000000
1421189360,229.210000000000,0.039000000000
1421189383,229.200000000000,0.612000000000
1421189383,229.160000000000,0.704900000000
1421189386,229.570000000000,2.231400000000
1421189386,229.040000000000,0.768600000000
1421189386,229.730000000000,1.683100000000
1421189412,228.780000000000,0.039000000000
1421189414,228.780000000000,0.634000000000
1421189444,228.870000000000,0.628000000000
1421189459,228.330000000000,1.889700000000
1421189459,228.380000000000,1.215600000000
1421189460,228.380000000000,0.894700000000
1421189537,228.260000000000,0.039000000000
1421189583,227.500000000000,0.625000000000
1421189588,227.500000000000,0.039000000000
1421189609,227.460000000000,3.668200000000
1421189610,227.460000000000,0.331800000000
1421189610,227.530000000000,0.636000000000
1421189626,227.010000000000,0.731800000000
1421189628,227.010000000000,0.803300000000
1421189629,227.010000000000,1.005300000000
1421189629,227.010000000000,0.541000000000
1421189629,227.010000000000,0.955000000000
1421189630,227.010000000000,0.529700000000
1421189630,227.010000000000,1.796000000000
1421189630,227.010000000000,1.089700000000
1421189631,227.010000000000,1.452500000000
1421189631,227.010000000000,1.978600000000
1421189631,227.010000000000,1.695600000000
1421189632,227.010000000000,1.458300000000
1421189633,227.010000000000,1.233200000000
1421189633,227.010000000000,0.927900000000
1421189634,227.010000000000,0.932900000000
1421189639,227.010000000000,1.243600000000
1421189645,227.010000000000,1.204500000000
1421189650,227.010000000000,0.421100000000
1421189654,226.940000000000,0.039000000000
1421189686,226.050000000000,1.511600000000
1421189690,226.050000000000,1.205000000000
1421189691,226.050000000000,1.261800000000
1421189691,226.050000000000,1.459200000000
1421189691,226.050000000000,1.369900000000
1421189695,226.450000000000,0.647000000000
1421189697,226.450000000000,0.039000000000
1421189700,226.080000000000,1.248600000000
1421189708,226.050000000000,0.668000000000
1421189708,226.050000000000,1.836800000000
1421189709,226.050000000000,0.687700000000
1421189710,226.000000000000,0.582200000000
1421189710,226.000000000000,1.711100000000
1421189722,226.000000000000,1.793300000000
1421189723,226.000000000000,1.085100000000
1421189723,226.000000000000,3.602600000000
1421189723,226.000000000000,1.225700000000
1421189745,225.490000000000,0.039000000000
1421189788,223.790000000000,0.039000000000
1421189847,223.220000000000,0.039000000000
1421189858,223.090000000000,1.565200000000
1421189859,223.133700000000,1.688500000000
1421189859,223.133700000000,0.746300000000
1421189870,223.450000000000,0.602000000000
1421189890,222.960000000000,0.589000000000
1421189901,223.250000000000,0.528000000000
1421189930,224.430000000000,0.039000000000
1421189932,224.509900000000,3.880600000000
1421189933,224.509900000000,0.119400000000
1421189948,225.380000000000,0.039000000000
1421189957,225.170000000000,0.039000000000
1421189968,225.350000000000,3.094400000000
1421189976,225.410000000000,0.905600000000
1421190083,225.555200000000,0.956500000000
1421190083,225.560000000000,0.177300000000
1421190084,225.555200000000,0.845200000000
1421190084,225.555200000000,1.159200000000
1421190085,225.555200000000,0.734500000000
1421190125,225.900000000000,0.039000000000
1421190144,224.660000000000,0.178000000000
1421190144,225.060000000000,0.177700000000
1421190199,225.210000000000,0.634000000000
1421190217,224.940000000000,0.039000000000
1421190243,224.460000000000,0.614000000000
1421190248,224.630000000000,0.599000000000
1421190294,224.412100000000,0.304600000000
1421190307,224.560000000000,0.039000000000
1421190409,224.360000000000,0.529000000000
1421190416,224.540000000000,0.039000000000
1421190429,224.660000000000,0.039000000000
1421190446,224.290000000000,0.039000000000
1421190567,224.400000000000,0.039000000000
1421190627,223.770000000000,1.891100000000
1421190684,224.160000000000,0.548000000000
1421190698,223.710000000000,0.178800000000
1421190698,223.670800000000,0.754900000000
1421190701,223.670800000000,0.769400000000
1421190702,223.670800000000,0.584600000000
1421190719,223.210000000000,0.179200000000
1421190880,222.490000000000,0.643000000000
1421190915,222.530000000000,0.531000000000
1421190958,222.550000000000,0.608400000000
1421190960,222.550000000000,0.039000000000
1421191035,223.390000000000,0.500000000000
1421191046,223.370000000000,0.766700000000
1421191052,223.470000000000,0.039000000000
1421191086,223.549000000000,0.593000000000
1421191086,223.549000000000,1.992900000000
1421191098,223.455500000000,0.272500000000
1421191098,223.840000000000,3.727500000000
1421191234,224.720000000000,3.486000000000
1421191242,224.720000000000,0.643000000000
1421191245,224.910000000000,0.514000000000
1421191282,225.030000000000,0.039000000000
1421191316,224.950000000000,0.641000000000
1421191349,225.340000000000,1.788900000000
1421191349,225.390000000000,0.508000000000
1421191350,225.390000000000,1.177800000000
1421191381,225.890000000000,0.134400000000
1421191425,226.390000000000,0.039000000000
1421191517,226.380000000000,0.039000000000
1421191551,226.390000000000,0.039000000000
1421191579,226.330000000000,0.039000000000
1421191593,226.370000000000,4.000000000000
1421191594,226.390000000000,0.056100000000
1421191608,226.760000000000,0.039000000000
1421191663,226.460000000000,0.176600000000
1421191681,225.880000000000,0.177100000000
1421191693,225.590000000000,0.606000000000
1421191699,225.590000000000,0.556000000000
1421191745,225.210000000000,0.039000000000
1421191755,225.230000000000,0.155900000000
1421191912,225.720000000000,0.039000000000
1421191926,225.260000000000,0.039000000000
1421191947,225.270000000000,1.189900000000
1421191947,225.270000000000,1.159900000000
1421191948,225.270000000000,1.494300000000
1421192015,225.200000000000,0.039000000000
1421192044,225.200000000000,3.112100000000
1421192099,224.000000000000,0.631000000000
1421192132,224.010000000000,1.861900000000
1421192133,224.010000000000,0.280600000000
1421192133,224.010000000000,1.008600000000
1421192212,223.190000000000,0.039000000000
1421192283,222.860000000000,0.039000000000
1421192302,223.530000000000,0.633000000000
1421192304,223.695600000000,2.521500000000
1421192321,222.760000000000,0.039000000000
1421192398,224.443700000000,1.209700000000
1421192399,224.443700000000,1.311800000000
1421192403,224.390000000000,0.039000000000
1421192407,224.740000000000,0.498000000000
1421192434,225.260000000000,0.570600000000
1421192434,225.260000000000,3.429400000000
1421192478,224.310000000000,0.039000000000
1421192521,226.044800000000,3.608600000000
1421192526,226.040000000000,0.391400000000
1421192623,225.250000000000,0.039000000000
1421192645,225.230000000000,0.488000000000
1421192723,225.460000000000,0.236000000000
1421192734,225.470000000000,0.039000000000
1421192795,225.940000000000,0.617000000000
1421192875,226.460000000000,0.039000000000
1421192893,226.010000000000,1.987000000000
1421192894,226.010000000000,1.318000000000
1421192924,226.070000000000,0.695000000000
1421192929,226.040000000000,0.039000000000
1421192975,225.640000000000,0.427000000000
1421193015,225.740000000000,0.226000000000
1421193017,226.050000000000,3.638900000000
1421193018,225.839500000000,0.361100000000
1421193153,225.850000000000,0.930000000000
1421193163,226.070000000000,0.114000000000
1421193166,226.160000000000,0.111000000000
1421193197,226.340000000000,0.039000000000
1421193204,226.200000000000,0.039000000000
1421193226,226.230000000000,0.831200000000
1421193226,226.440000000000,0.039000000000
1421193227,226.230000000000,1.187400000000
1421193227,226.230000000000,0.990900000000
1421193228,226.230000000000,0.021500000000
1421193285,226.041800000000,0.495700000000
1421193285,226.041800000000,3.504300000000
1421193285,226.830000000000,0.039000000000
1421193287,227.760000000000,0.133300000000
1421193287,227.360000000000,0.133500000000
1421193288,228.590000000000,0.132800000000
1421193288,228.270000000000,0.133000000000
1421193289,229.180000000000,0.132500000000
1421193298,225.940000000000,3.000000000000
1421193298,226.210000000000,0.173700000000
1421193305,226.210000000000,0.039000000000
1421193365,226.940000000000,0.039000000000
1421193366,230.150000000000,0.500000000000
1421193369,230.470000000000,2.210000000000
1421193374,229.660000000000,0.174200000000
1421193379,227.610000000000,0.039000000000
1421193431,228.110000000000,3.000000000000
1421193435,227.310000000000,0.039000000000
1421193442,228.350000000000,0.039000000000
1421193508,229.830000000000,0.039000000000
1421193540,229.780000000000,0.043800000000
1421193546,229.840000000000,0.039000000000
1421193626,230.280000000000,0.039000000000
1421193690,229.150000000000,0.174600000000
1421193724,229.020000000000,0.039000000000
1421193757,228.150000000000,0.121000000000
1421193777,227.820000000000,0.039000000000
1421193810,228.230000000000,0.039000000000
1421193834,227.700000000000,0.320000000000
1421193899,227.190000000000,0.039000000000
1421193906,227.190000000000,0.100000000000
1421193907,227.190000000000,0.079000000000
1421193925,227.910000000000,0.039000000000
1421193937,227.500000000000,1.000000000000
1421193969,227.420000000000,0.100000000000
1421193973,227.740000000000,0.039000000000
1421194000,227.480000000000,1.000000000000
1421194067,227.020000000000,0.300000000000
1421194071,227.620000000000,0.039000000000
1421194109,227.040000000000,2.000000000000
1421194215,226.220000000000,0.039000000000
1421194215,226.220000000000,0.508000000000
1421194260,226.310000000000,0.039000000000
1421194281,225.100000000000,0.039000000000
1421194331,225.100000000000,2.000000000000
1421194421,226.150000000000,0.039000000000
1421194485,226.380000000000,0.039000000000
1421194683,227.510000000000,0.039000000000
1421194811,226.910000000000,0.039000000000
1421194856,226.990000000000,0.039000000000
1421194934,226.040000000000,0.039000000000
1421195098,225.540000000000,0.039000000000
1421195382,225.220000000000,0.039000000000
1421195489,225.300000000000,0.039000000000
1421195570,224.260000000000,0.039000000000
1421196006,223.480000000000,0.832200000000
1421196006,223.480000000000,1.778000000000
1421196007,223.480000000000,1.389800000000
1421196154,223.280000000000,0.078000000000
1421196273,221.510000000000,3.299600000000
1421196274,221.510000000000,0.700400000000
1421196314,221.000000000000,1.992800000000
1421196327,221.000000000000,0.926800000000
1421196330,221.000000000000,0.864100000000
1421196336,221.000000000000,1.647000000000
1421196339,221.000000000000,1.218300000000
1421196339,221.000000000000,1.420700000000
1421196340,221.000000000000,1.105900000000
1421196373,221.210000000000,1.992400000000
1421196441,221.860000000000,0.586300000000
1421196806,221.000000000000,1.873300000000
1421196820,221.000000000000,0.100000000000
1421196826,221.000000000000,0.569400000000
1421196827,221.000000000000,1.062300000000
1421196827,221.000000000000,1.531800000000
1421196827,221.000000000000,0.541300000000
1421196828,221.000000000000,1.992700000000
1421196828,221.000000000000,0.794900000000
1421196828,221.000000000000,1.513000000000
1421196829,221.000000000000,0.845700000000
1421196884,220.320000000000,0.119900000000
1421196937,221.390000000000,1.887700000000
1421197117,221.912800000000,4.000000000000
1421198560,222.280000000000,0.050000000000
1421199897,221.820000000000,0.509500000000
1421202100,223.280000000000,0.100000000000
1421202474,223.870000000000,0.045200000000
1421202513,223.519900000000,1.739300000000
1421202513,223.519900000000,1.072300000000
1421202514,223.519900000000,1.188400000000
1421202603,225.147100000000,3.997800000000
1421202603,225.147100000000,0.002200000000
1421202619,229.570000000000,1.000000000000
1421202629,230.480000000000,0.406400000000
1421203826,224.711800000000,0.684300000000
1421204421,224.110000000000,1.310400000000
1421204421,224.110000000000,0.925300000000
1421204701,223.430000000000,1.080000000000
1421206053,221.850000000000,4.202300000000
1421206054,221.850000000000,3.837000000000
1421206054,221.850000000000,4.174600000000
1421206054,221.850000000000,3.610500000000
1421206055,221.850000000000,4.195700000000
1421206055,221.850000000000,2.419900000000
1421206590,223.070000000000,1.239900000000
1421207100,222.480000000000,1.207900000000
1421207100,222.480000000000,1.007600000000
1421207101,222.480000000000,0.544600000000
1421207707,221.670000000000,0.525300000000
1421208248,222.510000000000,0.181300000000
1421208248,222.510000000000,3.818700000000
1421210917,220.500000000000,1.238500000000
1421210918,220.630000000000,0.902900000000
1421210918,220.630000000000,1.349300000000
1421210919,220.630000000000,0.509300000000
1421212032,220.380000000000,0.900000000000
1421212454,217.813100000000,1.714100000000
1421212454,217.813100000000,1.149100000000
1421212587,216.730000000000,1.136800000000
1421214398,218.000000000000,3.715700000000
1421214413,218.000000000000,4.153800000000
1421214414,218.000000000000,3.375200000000
1421214414,218.000000000000,3.261200000000
1421215148,216.000000000000,1.859000000000
1421215148,216.000000000000,1.832100000000
1421215149,216.000000000000,1.145400000000
1421215149,216.000000000000,0.938700000000
1421215150,216.000000000000,1.186300000000
1421215150,216.000000000000,1.395500000000
1421215158,216.000000000000,0.507500000000
1421215158,216.000000000000,1.369000000000
1421215158,216.000000000000,0.888700000000
1421215159,216.000000000000,1.980500000000
1421215159,216.000000000000,1.790400000000
1421215159,216.000000000000,0.990100000000
1421215160,216.000000000000,1.639700000000
1421215160,216.000000000000,1.693900000000
1421215160,216.000000000000,1.041400000000
1421215161,216.000000000000,1.251200000000
1421215161,216.000000000000,1.787800000000
1421215161,216.000000000000,0.838600000000
1421215162,216.000000000000,0.864200000000
1421215242,215.150000000000,1.440100000000
1421215247,215.150000000000,0.645500000000
1421215247,215.150000000000,0.905600000000
1421215248,215.150000000000,1.508000000000
1421215248,215.150000000000,0.922200000000
1421215248,215.150000000000,1.389600000000
1421215248,215.150000000000,3.189000000000
1421215485,211.744100000000,0.676200000000
1421216024,207.130000000000,0.060100000000
1421216122,206.330000000000,0.020400000000
1421216165,207.000000000000,4.155300000000
1421216165,206.630000000000,6.544700000000
1421216589,207.750000000000,0.150800000000
1421217837,208.320000000000,0.606700000000
1421217837,208.320000000000,3.393300000000
1421217981,208.850000000000,4.000000000000
1421217989,210.050000000000,0.675900000000
1421218030,209.240000000000,4.000000000000
1421218107,209.510000000000,1.487700000000
1421218107,209.510000000000,1.747900000000
1421218108,209.510000000000,0.764400000000
1421219099,210.712500000000,0.257000000000
1421219099,210.712500000000,3.743000000000
1421220122,203.630000000000,0.697200000000
1421220173,200.580000000000,0.574000000000
1421220181,200.000000000000,1.729500000000
1421220181,200.000000000000,3.270500000000
1421220182,199.970000000000,0.595000000000
1421220185,196.220000000000,0.556000000000
1421220188,195.820000000000,0.344200000000
1421220195,193.560000000000,0.300000000000
1421220202,194.370000000000,0.500000000000
1421220213,191.240000000000,0.500000000000
1421220225,190.130000000000,0.500000000000
1421220237,188.150000000000,0.500000000000
1421220248,187.680000000000,0.500000000000
1421220249,187.680000000000,0.093500000000
1421220260,186.550000000000,0.500000000000
1421220270,185.370000000000,0.500000000000
1421220272,185.010000000000,0.503100000000
1421220294,182.800000000000,0.512800000000
1421220306,180.350000000000,0.500000000000
1421220308,180.000000000000,0.572800000000
1421220308,180.000000000000,3.277200000000
1421220319,178.430000000000,0.066900000000
1421220331,177.290000000000,0.500000000000
1421220343,176.690000000000,0.055600000000
1421220372,181.890000000000,0.520800000000
1421220373,181.890000000000,1.046500000000
1421220373,181.890000000000,1.493900000000
1421220374,181.890000000000,0.217400000000
1421220374,181.890000000000,0.721400000000
1421220430,187.630000000000,0.500000000000
1421220439,187.718600000000,1.633700000000
1421220444,187.718600000000,0.881600000000
1421220444,187.718600000000,1.484700000000
1421220471,187.690000000000,0.593000000000
1421220492,188.020000000000,1.774300000000
1421220492,188.020000000000,1.260700000000
1421220492,187.900000000000,0.965000000000
1421220493,187.510000000000,0.620000000000
1421220503,187.020000000000,0.638000000000
1421220512,187.600000000000,0.031300000000
1421220515,186.820000000000,0.631000000000
1421220582,185.880000000000,4.000000000000
1421220615,185.630000000000,0.682700000000
1421220617,185.630000000000,0.079300000000
1421220619,184.475800000000,0.964700000000
1421220620,184.475800000000,2.240400000000
1421220620,183.940000000000,0.575000000000
1421220623,184.270000000000,0.189000000000
1421220630,185.160000000000,0.452000000000
1421220631,185.280000000000,0.045600000000
1421220634,185.926600000000,4.000000000000
1421220655,185.230000000000,3.488900000000
1421220656,185.230000000000,0.511100000000
1421220683,186.710000000000,0.781000000000
1421220687,185.880000000000,0.787000000000
1421220694,187.050000000000,0.750000000000
1421220720,185.462100000000,2.310700000000
1421220720,185.462100000000,1.689300000000
1421220729,186.000000000000,0.031500000000
1421220752,184.910000000000,0.785000000000
1421220775,184.770000000000,3.487000000000
1421220776,184.770000000000,0.513000000000
1421220777,185.420000000000,0.450000000000
1421220795,186.020000000000,0.450000000000
1421220795,185.620000000000,1.943200000000
1421220798,186.040000000000,0.606800000000
1421220807,185.870000000000,4.000000000000
1421220850,183.760000000000,1.926600000000
1421220851,183.760000000000,0.738200000000
1421220851,183.760000000000,1.297200000000
1421220852,183.760000000000,0.038000000000
1421220864,183.150000000000,1.223900000000
1421220864,183.600000000000,1.776100000000
1421220928,182.600000000000,20.484200000000
1421220928,183.000000000000,10.671100000000
1421220928,182.500000000000,3.775500000000
1421220928,183.130000000000,3.794700000000
1421220929,182.500000000000,3.522200000000
1421220929,182.500000000000,11.156500000000
1421220929,182.500000000000,3.443800000000
1421220929,182.500000000000,10.934400000000
1421220929,182.500000000000,4.486600000000
1421220934,182.220000000000,0.418000000000
1421220935,182.220000000000,1.021500000000
1421220936,182.230000000000,1.338300000000
1421220936,182.230000000000,1.587800000000
1421220950,182.290000000000,0.052400000000
1421220951,182.500000000000,3.874200000000
1421220954,182.500000000000,3.458700000000
1421220955,182.500000000000,10.622900000000
1421220955,182.500000000000,5.304900000000
1421220955,182.500000000000,4.470300000000
1421220990,183.350000000000,1.892700000000
1421220990,182.990000000000,1.107300000000
1421220997,182.253500000000,0.721700000000
1421221012,183.080200000000,0.697100000000
1421221016,182.600000000000,0.571200000000
1421221018,182.950000000000,0.193800000000
1421221033,183.430000000000,3.554300000000
1421221034,183.430000000000,0.445700000000
1421221040,183.270000000000,0.781000000000
1421221056,183.540000000000,3.980400000000
1421221056,183.480000000000,0.019600000000
1421221060,184.040000000000,0.100300000000
1421221084,183.600000000000,0.709000000000
1421221096,182.930000000000,0.775000000000
1421221099,183.360000000000,0.405000000000
1421221110,182.970000000000,0.759000000000
1421221112,183.080000000000,0.583000000000
1421221124,184.170000000000,0.687000000000
1421221128,184.600000000000,0.915900000000
1421221128,184.320000000000,1.397100000000
1421221170,182.580000000000,0.632000000000
1421221173,184.300000000000,0.335000000000
1421221179,184.340000000000,0.345000000000
1421221190,184.580000000000,0.331000000000
1421221193,184.730000000000,1.070400000000
1421221194,185.260000000000,1.598600000000
1421221207,183.970000000000,0.162000000000
1421221241,184.070000000000,0.090000000000
1421221251,183.740000000000,3.098200000000
1421221251,183.500000000000,3.270300000000
1421221252,183.500000000000,3.697500000000
1421221256,183.500000000000,3.509600000000
1421221256,183.500000000000,3.354600000000
1421221256,183.500000000000,11.090900000000
1421221257,183.500000000000,3.526700000000
1421221259,183.500000000000,3.047200000000
1421221259,183.500000000000,3.130500000000
1421221260,183.500000000000,3.206400000000
1421221260,183.500000000000,4.113200000000
1421221261,183.500000000000,4.247100000000
1421221261,183.500000000000,3.175100000000
1421221261,183.500000000000,4.391400000000
1421221262,183.500000000000,3.953000000000
1421221325,181.563500000000,0.703400000000
1421221332,182.000000000000,1.126200000000
1421221351,181.000000000000,1.653500000000
1421221351,181.000000000000,3.825500000000
1421221351,181.000000000000,3.122000000000
1421221351,181.000000000000,1.399000000000
1421221352,181.000000000000,0.586900000000
1421221352,181.000000000000,0.738600000000
1421221374,180.500000000000,3.654800000000
1421221375,180.500000000000,11.003300000000
1421221375,180.500000000000,30.098700000000
1421221375,180.500000000000,21.295300000000
1421221375,180.500000000000,33.947900000000
1421221415,172.152100000000,1.246900000000
1421221415,172.152100000000,1.579000000000
1421221416,172.152100000000,0.452400000000
1421221425,170.200000000000,0.500000000000
1421221431,169.470000000000,0.675000000000
1421221445,167.100000000000,0.662000000000
1421221447,167.250000000000,0.500000000000
1421221448,166.960000000000,0.667000000000
1421221455,166.660000000000,0.780800000000
1421221456,167.000000000000,3.219200000000
1421221458,166.590000000000,0.159700000000
1421221473,167.400000000000,0.855000000000
1421221488,164.950000000000,1.169000000000
1421221489,165.300000000000,4.019300000000
1421221489,165.500000000000,1.965400000000
1421221490,165.500000000000,3.188700000000
1421221490,165.500000000000,0.512300000000
1421221490,165.500000000000,3.687600000000
1421221491,165.500000000000,0.522900000000
1421221499,165.500000000000,1.409100000000
1421221500,165.500000000000,4.119500000000
1421221500,165.500000000000,1.574900000000
1421221500,165.500000000000,7.417100000000
1421221500,165.500000000000,3.987400000000
1421221500,165.500000000000,1.984500000000
1421221501,165.500000000000,1.272600000000
1421221501,165.500000000000,1.129900000000
1421221501,165.500000000000,1.030200000000
1421221501,165.500000000000,0.935500000000
1421221501,165.500000000000,1.019100000000
1421221502,165.500000000000,1.476300000000
1421221502,165.500000000000,1.306900000000
1421221502,165.500000000000,1.762200000000
1421221503,167.590000000000,0.607000000000
1421221503,165.500000000000,0.803100000000
1421221517,169.560000000000,0.307000000000
1421221523,167.930000000000,0.794900000000
1421221542,174.940000000000,0.703300000000
1421221554,169.470000000000,0.829000000000
1421221556,166.700000000000,0.719700000000
1421221564,165.910000000000,0.120500000000
1421221591,169.080000000000,1.092200000000
1421221592,169.080000000000,2.907800000000
1421221594,168.940000000000,0.813000000000
1421221626,168.260000000000,0.058900000000
1421221632,168.130000000000,0.021000000000
1421221644,165.910000000000,0.723300000000
1421221650,168.100000000000,3.821400000000
1421221650,168.500000000000,0.669800000000
1421221650,167.890000000000,1.376500000000
1421221650,167.890000000000,0.058900000000
1421221651,168.500000000000,3.811200000000
1421221651,168.500000000000,1.205400000000
1421221652,168.500000000000,1.982100000000
1421221652,168.500000000000,3.144300000000
1421221652,168.500000000000,3.666200000000
1421221652,168.500000000000,4.294200000000
1421221652,168.500000000000,1.150000000000
1421221652,168.500000000000,1.224200000000
1421221653,168.500000000000,1.020400000000
1421221653,168.500000000000,0.514100000000
1421221653,168.500000000000,3.480500000000
1421221653,168.500000000000,4.101400000000
1421221653,168.500000000000,1.737800000000
1421221653,168.500000000000,4.214800000000
1421221654,168.500000000000,0.729400000000
1421221654,168.500000000000,4.016200000000
1421221654,168.500000000000,1.480100000000
1421221654,168.500000000000,3.024100000000
1421221655,168.500000000000,0.809400000000
1421221655,168.500000000000,1.669000000000
1421221655,168.500000000000,1.620500000000
1421221655,168.500000000000,1.092100000000
1421221655,168.500000000000,1.936800000000
1421221655,168.500000000000,0.520900000000
1421221656,168.500000000000,1.615400000000
1421221656,168.500000000000,1.063400000000
1421221657,168.500000000000,1.290600000000
1421221657,168.500000000000,1.778300000000
1421221657,168.500000000000,0.887100000000
1421221658,168.500000000000,0.535300000000
1421221658,168.500000000000,1.742500000000
1421221659,168.500000000000,0.999000000000
1421221659,168.500000000000,1.276300000000
1421221660,168.500000000000,1.869700000000
1421221660,168.500000000000,0.976300000000
1421221660,168.500000000000,1.320000000000
1421221665,168.510000000000,0.788000000000
1421221668,168.500000000000,3.211600000000
1421221668,168.500000000000,1.159200000000
1421221669,168.500000000000,6.296900000000
1421221669,168.500000000000,6.162900000000
1421221669,168.500000000000,9.502700000000
1421221698,170.500000000000,4.427300000000
1421221698,170.500000000000,1.304700000000
1421221698,170.280000000000,0.621000000000
1421221699,170.500000000000,1.848400000000
1421221699,170.500000000000,1.275500000000
1421221699,170.500000000000,4.022800000000
1421221699,170.500000000000,1.930000000000
1421221700,170.500000000000,0.873100000000
1421221700,170.500000000000,1.437600000000
1421221701,170.500000000000,1.602600000000
1421221701,170.500000000000,1.102600000000
1421221702,170.500000000000,4.125700000000
1421221702,170.500000000000,1.494600000000
1421221702,170.500000000000,6.437900000000
1421221702,170.500000000000,1.571700000000
1421221702,170.500000000000,1.353300000000
1421221702,170.500000000000,3.110300000000
1421221703,170.500000000000,0.798200000000
1421221703,170.500000000000,6.759800000000
1421221703,170.500000000000,0.836600000000
1421221703,170.500000000000,3.066300000000
1421221707,169.770000000000,0.500000000000
1421221713,170.500000000000,1.226000000000
1421221713,170.500000000000,0.843600000000
1421221713,170.250000000000,1.605500000000
1421221713,170.500000000000,1.984700000000
1421221713,170.480000000000,4.310900000000
1421221714,170.500000000000,1.353200000000
1421221716,169.740000000000,0.294600000000
1421221724,170.770000000000,0.500000000000
1421221734,171.730000000000,0.036900000000
1421221738,171.410000000000,0.766000000000
1421221741,170.710000000000,0.579000000000
1421221744,170.820000000000,0.194000000000
1421221768,171.430000000000,0.750000000000
1421221809,174.030000000000,0.725000000000
1421221811,173.000000000000,0.831100000000
1421221812,173.310000000000,3.971700000000
1421221812,173.780000000000,0.197200000000
1421221813,174.260000000000,0.525900000000
1421221815,174.260000000000,0.194100000000
1421221829,175.000000000000,7.448400000000
1421221829,175.000000000000,3.999300000000
1421221829,175.000000000000,1.002900000000
1421221830,175.000000000000,9.555700000000
1421221830,175.000000000000,1.568100000000
1421221830,175.000000000000,7.490000000000
1421221830,175.000000000000,9.376600000000
1421221831,175.000000000000,13.395700000000
1421221831,175.000000000000,1.689400000000
1421221831,175.000000000000,3.582500000000
1421221831,175.000000000000,3.416300000000
1421221831,175.000000000000,3.965300000000
1421221832,175.000000000000,1.060700000000
1421221832,175.000000000000,9.739000000000
1421221832,175.000000000000,7.473200000000
1421221833,174.600000000000,0.741000000000
1421221833,175.000000000000,4.753600000000
1421221833,175.000000000000,3.576400000000
1421221833,175.000000000000,6.906900000000
1421221858,179.920000000000,0.498200000000
1421221858,180.380000000000,2.287300000000
1421221869,181.070000000000,1.948800000000
1421221869,181.060000000000,2.925400000000
1421221869,181.170000000000,1.741900000000
1421221870,181.320000000000,0.737500000000
1421221870,181.360000000000,0.871000000000
1421221870,181.360000000000,1.725500000000
1421221871,183.000000000000,1.139200000000
1421221871,182.880000000000,1.489400000000
1421221871,183.000000000000,0.395500000000
1421221871,181.900000000000,1.416100000000
1421221871,181.500000000000,1.321500000000
1421221871,182.070000000000,0.559800000000
1421221907,183.590000000000,1.907900000000
1421221907,183.550000000000,1.640200000000
1421221907,183.700000000000,1.451900000000
1421221913,183.700000000000,0.398400000000
1421221913,183.810000000000,1.943500000000
1421221913,183.840000000000,0.658100000000
1421221963,184.930000000000,1.133400000000
1421221963,184.930000000000,2.688700000000
1421221996,186.510000000000,2.500000000000
1421222024,187.330000000000,0.747000000000
1421222033,186.800000000000,0.747000000000
1421222052,189.350000000000,0.762000000000
1421222056,190.630000000000,0.740500000000
1421222097,191.560000000000,0.500000000000
1421222173,189.110000000000,0.500000000000
1421222317,190.700000000000,3.062400000000
1421222317,190.700000000000,0.727600000000
1421222318,185.885200000000,0.500000000000
1421222328,189.500000000000,11.715000000000
1421222328,189.500000000000,4.388200000000
1421222329,189.500000000000,29.466400000000
1421222329,189.500000000000,19.922900000000
1421222330,189.500000000000,4.115400000000
1421222330,189.500000000000,1.112300000000
1421222330,189.500000000000,3.944500000000
1421222330,189.500000000000,3.824900000000
1421222330,189.500000000000,10.645200000000
1421222330,189.500000000000,10.865200000000
1421222338,189.490000000000,0.771000000000
1421222348,190.040000000000,0.767000000000
1421222351,191.390000000000,0.238800000000
1421222352,191.440000000000,0.777000000000
1421222399,192.270000000000,0.579000000000
1421222450,192.200000000000,4.182700000000
1421222451,192.200000000000,4.005100000000
1421222452,192.200000000000,3.445800000000
1421222473,192.150000000000,0.372600000000
1421222698,191.380000000000,3.350000000000
1421222725,191.890000000000,0.559000000000
1421222785,191.930000000000,0.579000000000
1421222804,191.870000000000,0.500000000000
1421222809,191.380000000000,0.830100000000
1421222810,191.720000000000,2.209900000000
1421222848,191.970000000000,0.626000000000
1421222855,191.580000000000,0.519000000000
1421222867,191.450000000000,0.620000000000
1421222965,191.690000000000,0.500000000000
1421222970,191.904800000000,0.501300000000
1421222972,192.000000000000,1.000000000000
1421222987,192.230000000000,0.500000000000
1421223005,192.020000000000,0.500000000000
1421223019,192.170000000000,0.500000000000
1421223050,191.770000000000,0.105100000000
1421223067,191.830000000000,0.500000000000
1421223101,191.900000000000,0.500000000000
1421223108,191.900000000000,1.000000000000
1421223125,191.520000000000,0.500000000000
1421223131,191.520000000000,0.500000000000
1421223143,191.830000000000,0.500000000000
1421223161,191.940000000000,0.500000000000
1421223206,191.540000000000,0.262000000000
1421223213,191.540000000000,0.137000000000
1421223310,191.000000000000,1.624300000000
1421223311,191.000000000000,0.455700000000
1421223327,191.380000000000,0.075000000000
1421223331,191.460000000000,0.500000000000
1421223337,191.420000000000,1.000000000000
1421223342,191.190000000000,0.500000000000
1421223346,190.660000000000,0.736000000000
1421223364,191.290000000000,0.371300000000
1421223369,191.290000000000,0.500000000000
1421223373,190.290000000000,0.754000000000
1421223376,190.900000000000,0.500000000000
1421223390,190.100000000000,0.500000000000
1421223394,189.980000000000,0.747000000000
1421223406,187.802700000000,0.766100000000
1421223428,189.630000000000,0.500000000000
1421223428,188.750000000000,0.500000000000
1421223446,189.430000000000,0.500000000000
1421223482,189.290000000000,0.500000000000
1421223491,189.290000000000,0.241000000000
1421223499,189.730000000000,0.500000000000
1421223503,188.370000000000,0.561900000000
1421223505,188.640000000000,0.173100000000
1421223515,189.450000000000,0.500000000000
1421223534,190.020000000000,0.500000000000
1421223642,189.600000000000,0.731000000000
1421223675,189.270000000000,0.737000000000
1421223682,189.250000000000,0.731000000000
1421223687,189.570000000000,0.500000000000
1421223694,189.970000000000,1.000000000000
1421223768,189.790000000000,0.500000000000
1421223787,189.790000000000,0.500000000000
1421223805,189.820000000000,0.500000000000
1421223843,190.000000000000,0.500000000000
1421223866,190.090000000000,0.500000000000
1421223890,190.090000000000,0.500000000000
1421223898,190.100000000000,0.500000000000
1421223914,190.100000000000,0.247000000000
1421223918,190.090000000000,0.253000000000
1421223934,190.090000000000,0.500000000000
1421223946,190.190000000000,0.500000000000
1421223964,190.330000000000,0.132700000000
1421223964,190.190000000000,0.500000000000
1421223977,190.840000000000,0.500000000000
1421223994,190.850000000000,0.500000000000
1421224010,190.850000000000,0.074000000000
1421224075,190.330000000000,0.611000000000
1421224082,190.270000000000,0.599000000000
1421224089,189.990000000000,0.597000000000
1421224094,190.420000000000,0.750000000000
1421224096,190.720000000000,0.500000000000
1421224116,190.490000000000,1.000000000000
1421224117,190.670000000000,0.764700000000
1421224183,190.670000000000,0.500000000000
1421224205,190.620000000000,0.500000000000
1421224219,190.620000000000,0.500000000000
1421224223,189.780000000000,0.754000000000
1421224232,190.550000000000,0.500000000000
1421224235,190.550000000000,0.753000000000
1421224251,190.550000000000,0.500000000000
1421224263,190.380000000000,0.500000000000
1421224286,189.450000000000,0.500000000000
1421224317,189.420000000000,1.382500000000
1421224341,190.490000000000,1.000000000000
1421224405,190.000000000000,3.000000000000
1421224491,187.390000000000,0.763000000000
1421224503,186.940000000000,0.504200000000
1421224509,186.940000000000,0.257800000000
1421224515,185.120000000000,0.750000000000
1421224538,184.800000000000,0.787800000000
1421224569,184.590000000000,0.745000000000
1421224573,185.540000000000,0.752000000000
1421224642,184.300000000000,0.706000000000
1421224693,185.090000000000,0.743000000000
1421224733,185.780000000000,0.729000000000
1421224749,185.470000000000,0.500000000000
1421224775,186.050000000000,1.000000000000
1421224803,185.990000000000,0.500000000000
1421224807,186.000000000000,0.500000000000
1421224813,186.000000000000,0.201000000000
1421224829,185.950000000000,0.500000000000
1421224837,186.320000000000,0.500000000000
1421224844,186.500000000000,0.771000000000
1421224853,186.940000000000,0.748000000000
1421224855,187.140000000000,0.500000000000
1421224870,186.270000000000,0.604000000000
1421224875,185.610000000000,0.586000000000
1421224889,186.400000000000,0.763000000000
1421224903,186.770000000000,1.500000000000
1421224917,186.770000000000,0.750000000000
1421224951,186.570000000000,0.500000000000
1421224965,186.430000000000,0.589100000000
1421224969,186.430000000000,0.007900000000
1421224991,186.520000000000,0.533300000000
1421224995,186.520000000000,0.063700000000
1421225043,186.300000000000,0.500000000000
1421225045,186.240000000000,0.500000000000
1421225056,186.740000000000,0.753000000000
1421225080,186.290000000000,1.000000000000
1421225107,186.290000000000,0.500000000000
1421225111,186.670000000000,0.746000000000
1421225119,186.840000000000,0.770000000000
1421225125,187.030000000000,1.000000000000
1421225140,186.910000000000,0.500000000000
1421225155,186.730000000000,0.500000000000
1421225218,186.560000000000,0.500000000000
1421225218,186.420000000000,0.500000000000
1421225228,186.590000000000,0.500000000000
1421225231,186.600000000000,0.711000000000
1421225242,186.600000000000,0.052000000000
1421225246,186.590000000000,0.448000000000
1421225262,186.600000000000,0.500000000000
1421225270,186.600000000000,0.259000000000
1421225277,186.560000000000,0.500000000000
1421225289,186.340000000000,0.759000000000
1421225293,186.570000000000,0.500000000000
1421225305,186.980000000000,0.739000000000
1421225310,186.990000000000,0.500000000000
1421225333,187.050000000000,0.500000000000
1421225341,187.050000000000,0.500000000000
1421225349,186.810000000000,0.534500000000
1421225353,186.680000000000,0.765000000000
1421225356,187.250000000000,0.500000000000
1421225357,187.250000000000,0.787600000000
1421225393,186.890000000000,0.500000000000
1421225401,186.880000000000,0.500000000000
1421225407,187.320000000000,0.762000000000
1421225413,187.600000000000,0.756000000000
1421225427,187.140000000000,0.500000000000
1421225443,187.570000000000,0.500000000000
1421225460,187.570000000000,0.500000000000
1421225476,187.840000000000,0.765000000000
1421225531,188.280000000000,0.500000000000
1421225553,188.460000000000,0.500000000000
1421225560,188.700000000000,0.500000000000
1421225560,188.700000000000,0.636000000000
1421225619,188.670000000000,0.500000000000
1421225626,188.230000000000,0.739000000000
1421225628,188.030000000000,0.761000000000
1421225634,187.830000000000,0.748000000000
1421225641,188.470000000000,0.500000000000
1421225661,189.140000000000,0.500000000000
1421225674,189.460000000000,0.500000000000
1421225692,189.460000000000,0.500000000000
1421225707,189.550000000000,0.500000000000
1421225724,189.940000000000,0.500000000000
1421225740,190.180000000000,0.500000000000
1421225757,190.450000000000,0.500000000000
1421225774,190.680000000000,0.500000000000
1421225792,191.150000000000,0.500000000000
1421225798,190.960000000000,0.735000000000
1421225833,193.170000000000,0.729000000000
1421225843,193.020000000000,0.722000000000
1421225853,193.070000000000,3.861900000000
1421225854,193.630000000000,0.592000000000
1421225854,193.070000000000,0.138100000000
1421225857,194.370000000000,2.690000000000
1421225872,194.310000000000,3.000000000000
1421225889,193.900000000000,0.728000000000
1421225900,194.559400000000,4.000000000000
1421225918,195.790000000000,4.000000000000
1421225962,198.930000000000,0.712000000000
1421225965,198.900000000000,2.288000000000
1421225984,200.300000000000,3.000000000000
1421225989,200.440000000000,0.695000000000
1421226010,203.270000000000,0.562000000000
1421226023,203.160000000000,0.679000000000
1421226027,202.870000000000,2.321000000000
1421226072,204.000000000000,4.099400000000
1421226073,204.000000000000,3.000600000000
1421226128,210.600000000000,0.661000000000
1421226135,210.600000000000,0.646000000000
1421226142,210.480000000000,0.652000000000
1421226194,212.710000000000,0.633100000000
1421226197,212.710000000000,0.022900000000
1421226201,211.770000000000,0.644000000000
1421226205,210.710000000000,0.646000000000
1421226254,213.610000000000,0.652000000000
1421226261,214.030000000000,3.383200000000
1421226261,213.700000000000,10.602300000000
1421226262,212.960000000000,30.357900000000
1421226262,212.390000000000,35.499500000000
1421226262,213.400000000000,20.157100000000
1421226287,213.720000000000,0.658000000000
1421226326,211.680000000000,0.515500000000
1421226360,210.110000000000,0.547000000000
1421226380,210.220000000000,0.685000000000
1421226384,209.610000000000,0.007800000000
1421226386,209.310000000000,0.644000000000
1421226389,209.020000000000,0.300000000000
1421226399,209.710000000000,0.683000000000
1421226403,209.540000000000,0.681000000000
1421226408,208.850000000000,0.648000000000
1421226493,203.400000000000,3.201700000000
1421226493,203.020000000000,0.798300000000
1421226499,205.420000000000,1.923300000000
1421226499,203.700000000000,1.076700000000
1421226531,204.050000000000,4.000000000000
1421226533,203.870000000000,0.672000000000
1421226547,203.400000000000,0.500000000000
1421226553,203.700000000000,0.679000000000
1421226563,204.329500000000,4.000000000000
1421226564,204.400000000000,0.222200000000
1421226564,204.400000000000,0.277800000000
1421226625,203.940000000000,0.528400000000
1421226626,204.210000000000,2.471600000000
1421226632,203.650000000000,0.160000000000
1421226633,203.850000000000,1.807900000000
1421226633,203.650000000000,1.697300000000
1421226637,203.850000000000,0.494800000000
1421226662,203.790000000000,0.078000000000
1421226662,203.460000000000,0.822000000000
1421226663,203.420000000000,0.520100000000
1421226665,203.420000000000,0.154900000000
1421226688,203.010000000000,0.680000000000
1421226699,203.120000000000,0.389000000000
1421226740,206.593100000000,4.000000000000
1421226756,210.000000000000,4.437000000000
1421226757,210.000000000000,3.515200000000
1421226757,210.000000000000,3.217600000000
1421226757,210.000000000000,3.538000000000
1421226757,210.000000000000,21.170800000000
1421226757,210.000000000000,10.511300000000
1421226757,210.000000000000,11.838400000000
1421226758,210.000000000000,4.382700000000
1421226758,210.000000000000,11.750200000000
1421226759,210.000000000000,11.877700000000
1421226759,210.000000000000,3.860800000000
1421226760,210.000000000000,3.924000000000
1421226760,210.000000000000,5.976300000000
1421226770,211.320000000000,0.637000000000
1421226773,211.410000000000,0.380000000000
1421226789,210.490000000000,0.523000000000
1421226816,210.170000000000,0.255000000000
1421226865,210.000000000000,10.794700000000
1421226865,210.000000000000,3.535200000000
1421226866,210.000000000000,3.414800000000
1421226866,210.000000000000,11.346600000000
1421226866,210.000000000000,11.276400000000
1421226866,210.000000000000,4.178500000000
1421226867,210.000000000000,11.179500000000
1421226867,210.000000000000,4.139300000000
1421226868,210.000000000000,3.858900000000
1421226880,210.000000000000,1.317000000000
1421226881,210.000000000000,3.743200000000
1421226881,210.000000000000,0.526900000000
1421226881,210.000000000000,0.841600000000
1421226882,210.000000000000,0.630100000000
1421226882,210.000000000000,0.616700000000
1421226883,210.000000000000,1.774000000000
1421226883,210.000000000000,0.653000000000
1421226884,210.000000000000,1.372200000000
1421226884,210.000000000000,1.066600000000
1421226885,210.000000000000,1.510100000000
1421226885,210.000000000000,1.812100000000
1421226886,210.000000000000,1.648100000000
1421226886,210.000000000000,1.141900000000
1421226887,210.000000000000,1.635100000000
1421226887,210.000000000000,1.297700000000
1421226887,210.000000000000,0.629600000000
1421226888,210.000000000000,1.942600000000
1421226888,210.000000000000,1.913500000000
1421226889,210.000000000000,0.551500000000
1421226889,210.000000000000,1.079100000000
1421226891,210.000000000000,1.675700000000
1421226891,210.000000000000,1.998900000000
1421226891,210.000000000000,1.274300000000
1421226891,210.000000000000,1.675700000000
1421226891,210.000000000000,0.852800000000
1421226896,210.000000000000,1.281700000000
1421226900,210.000000000000,1.784100000000
1421226900,210.000000000000,1.924800000000
1421226901,210.000000000000,1.772300000000
1421227146,212.970000000000,0.499000000000
1421227190,212.530000000000,0.500000000000
1421227278,213.080000000000,0.500000000000
1421227417,210.400000000000,0.500000000000
1421227495,210.090000000000,0.500000000000
1421227662,205.349300000000,0.509100000000
1421227662,205.349300000000,0.581400000000
1421227663,205.349300000000,1.158500000000
1421227663,205.349300000000,1.379100000000
1421227668,205.000000000000,1.386000000000
1421227668,205.019700000000,0.371900000000
1421227669,205.000000000000,1.775000000000
1421227670,205.000000000000,1.143500000000
1421227670,205.000000000000,1.583600000000
1421227671,205.000000000000,0.899000000000
1421227671,205.000000000000,1.112200000000
1421227699,205.000000000000,1.408000000000
1421227699,205.000000000000,0.638300000000
1421227700,205.000000000000,1.895400000000
1421227709,205.000000000000,1.853200000000
1421227709,205.000000000000,1.377700000000
1421227709,205.000000000000,1.988400000000
1421227709,205.000000000000,1.486400000000
1421227723,205.000000000000,1.781900000000
1421227723,205.000000000000,1.965400000000
1421227723,205.000000000000,0.916000000000
1421227747,205.000000000000,1.742600000000
1421227747,205.000000000000,3.702400000000
1421227747,205.000000000000,0.746600000000
1421227747,205.000000000000,0.810600000000
1421227747,205.000000000000,3.321900000000
1421227748,205.000000000000,1.040400000000
1421227748,205.000000000000,3.485700000000
1421227748,205.000000000000,1.066500000000
1421227748,205.000000000000,3.012200000000
1421227749,205.000000000000,1.199200000000
1421227749,205.000000000000,1.891300000000
1421227750,205.000000000000,1.475600000000
1421227750,205.000000000000,1.128800000000
1421227750,205.000000000000,1.193600000000
1421227751,205.000000000000,0.972600000000
1421227751,204.492100000000,1.867100000000
1421227752,204.492100000000,1.247600000000
1421227753,204.492100000000,0.885300000000
1421227803,204.030000000000,0.900000000000
1421227834,204.341700000000,0.937000000000
1421227834,204.341700000000,1.478300000000
1421227835,204.341700000000,1.503000000000
1421227838,204.341700000000,0.081700000000
1421227859,205.537500000000,3.110700000000
1421227861,205.537500000000,0.889300000000
1421227901,205.270000000000,0.500000000000
1421227932,204.610000000000,0.867900000000
1421227935,204.610000000000,1.753500000000
1421227936,204.610000000000,1.378600000000
1421227988,203.789000000000,0.653000000000
1421227989,203.789000000000,0.820600000000
1421227989,203.789000000000,1.912700000000
1421227990,203.789000000000,0.613700000000
1421228017,204.420000000000,1.272500000000
1421228017,204.280000000000,1.904100000000
1421228052,205.450000000000,0.823400000000
1421228101,209.000000000000,4.192200000000
1421228101,208.820000000000,4.000000000000
1421228102,209.000000000000,4.050600000000
1421228102,209.000000000000,1.757200000000
1421228186,210.380000000000,4.000000000000
1421228271,210.090000000000,0.118200000000
1421228284,209.412400000000,1.216400000000
1421228285,209.412400000000,0.860700000000
1421228286,209.412400000000,0.593000000000
1421228286,209.412400000000,1.329900000000
1421228332,208.960000000000,4.000000000000
1421228390,208.504400000000,1.508500000000
1421228391,208.504400000000,0.946800000000
1421228391,208.504400000000,1.044800000000
1421228392,208.504400000000,0.499900000000
1421228521,207.624400000000,0.931700000000
1421228522,207.624400000000,1.825500000000
1421228523,207.624400000000,1.242800000000
1421228558,208.100000000000,1.826400000000
1421228559,208.253300000000,0.447100000000
1421228559,208.253300000000,1.726500000000
1421228573,208.250000000000,4.000000000000
1421228597,209.120000000000,4.000000000000
1421228631,210.490000000000,3.986700000000
1421228634,210.466600000000,0.013300000000
1421228666,211.158400000000,3.807300000000
1421228667,211.158400000000,0.192700000000
1421228685,213.000000000000,4.463700000000
1421228686,213.000000000000,3.675400000000
1421228691,212.990000000000,0.860300000000
1421228691,212.990000000000,3.139700000000
1421228692,213.000000000000,3.298500000000
1421228692,213.000000000000,4.178300000000
1421228692,213.000000000000,2.736200000000
1421228693,213.000000000000,3.357500000000
1421228693,213.000000000000,3.470700000000
1421228694,213.000000000000,4.078800000000
1421228694,213.000000000000,4.107600000000
1421228695,213.000000000000,3.161100000000
1421228695,213.000000000000,3.043800000000
1421228696,213.000000000000,3.721600000000
1421228696,213.000000000000,3.434600000000
1421228696,213.000000000000,0.030800000000
1421228696,213.000000000000,3.241400000000
1421228711,213.979200000000,0.943500000000
1421228711,213.979200000000,3.056500000000
1421228724,214.190000000000,0.030900000000
1421228795,212.796700000000,2.352700000000
1421228795,212.796700000000,1.647300000000
1421228814,212.550000000000,3.514300000000
1421228815,212.390000000000,0.485700000000
1421228858,212.870000000000,0.046600000000
1421229003,210.470300000000,0.807000000000
1421229004,209.840000000000,0.095300000000
1421229004,209.840000000000,0.095300000000
1421229004,210.470300000000,3.193000000000
1421229160,209.580000000000,4.000000000000
1421229633,208.220000000000,0.119500000000
1421229695,208.250000000000,1.246600000000
1421229695,208.500000000000,0.538800000000
1421229759,208.270000000000,0.897600000000
1421230239,213.000000000000,1.037800000000
1421230239,213.000000000000,50.000000000000
1421230239,212.590000000000,3.754500000000
1421230239,212.350000000000,1.980600000000
1421230240,213.000000000000,4.253000000000
1421230240,213.000000000000,2.015200000000
1421230240,213.000000000000,1.074600000000
1421230240,213.000000000000,1.730600000000
1421230240,213.000000000000,4.355000000000
1421230240,213.000000000000,3.697700000000
1421230241,213.000000000000,1.097200000000
1421230241,213.000000000000,4.664900000000
1421230241,213.000000000000,3.595900000000
1421230241,213.000000000000,4.534700000000
1421230241,213.000000000000,1.378000000000
1421230241,213.000000000000,0.947700000000
1421230242,213.000000000000,0.999300000000
1421230242,213.000000000000,3.833000000000
1421230242,213.000000000000,1.660600000000
1421230242,213.000000000000,4.088100000000
1421230242,213.000000000000,1.492300000000
1421230243,213.000000000000,0.866400000000
1421230243,213.000000000000,1.706800000000
1421230243,213.000000000000,1.650700000000
1421230244,213.000000000000,0.560600000000
1421230244,213.000000000000,1.986000000000
1421230244,213.000000000000,1.903900000000
1421230244,213.000000000000,1.233900000000
1421230245,213.000000000000,1.094300000000
1421230245,213.000000000000,0.550200000000
1421230245,213.000000000000,1.918200000000
1421230245,213.000000000000,0.974300000000
1421230245,213.000000000000,0.844200000000
1421230245,213.000000000000,0.532000000000
1421230246,213.000000000000,1.379200000000
1421230246,213.000000000000,1.870900000000
1421230247,213.000000000000,1.969200000000
1421230258,213.000000000000,1.738300000000
1421230258,213.000000000000,0.709500000000
1421230259,213.000000000000,1.805200000000
1421230264,213.000000000000,1.677500000000
1421230264,213.000000000000,3.411500000000
1421230265,213.000000000000,5.591700000000
1421230265,213.000000000000,6.834800000000
1421230285,213.400000000000,0.500000000000
1421230423,213.490000000000,0.500000000000
1421231095,206.830000000000,3.000000000000
1421231300,205.000000000000,1.284500000000
1421231300,205.000000000000,0.633700000000
1421231300,205.000000000000,0.615600000000
1421231301,205.000000000000,1.525800000000
1421231301,205.000000000000,0.926800000000
1421231301,205.000000000000,0.727100000000
1421231301,205.000000000000,1.052500000000
1421231301,205.000000000000,0.655300000000
1421231302,205.000000000000,1.012000000000
1421231302,205.000000000000,1.384000000000
1421231303,205.000000000000,1.276500000000
1421231303,205.000000000000,1.087400000000
1421231304,205.000000000000,0.506000000000
1421231304,205.000000000000,1.103600000000
1421231305,205.000000000000,1.760500000000
1421231305,205.000000000000,1.274100000000
1421231305,205.000000000000,0.545900000000
1421231305,205.000000000000,1.563400000000
1421231306,205.000000000000,1.287900000000
1421231306,205.000000000000,0.895700000000
1421231307,205.000000000000,1.213600000000
1421231307,205.000000000000,1.387800000000
1421231307,205.000000000000,0.999900000000
1421231307,205.000000000000,4.145500000000
1421231308,205.000000000000,3.999400000000
1421231308,205.000000000000,3.481100000000
1421231308,205.000000000000,1.359800000000
1421231308,205.000000000000,1.507000000000
1421231309,205.000000000000,3.506500000000
1421231309,205.000000000000,0.525300000000
1421231309,205.000000000000,1.759400000000
1421231309,205.000000000000,3.933800000000
1421231310,205.000000000000,1.062600000000
1421231430,200.000000000000,1.500000000000
1421231434,198.978500000000,1.753000000000
1421231435,198.978500000000,1.971700000000
1421231435,198.978500000000,0.275300000000
1421231441,199.093700000000,0.741700000000
1421231480,191.990000000000,1.223700000000
1421231480,191.630000000000,1.776300000000
1421231512,193.340000000000,0.500000000000
1421231527,196.772200000000,0.621000000000
1421231527,196.772200000000,3.379000000000
1421231545,198.020000000000,0.742100000000
1421231607,199.281100000000,0.550400000000
1421231607,199.281100000000,0.615800000000
1421231608,199.281100000000,0.862100000000
1421231609,199.281100000000,1.439700000000
1421231609,199.281100000000,0.532000000000
1421231631,201.107500000000,3.182500000000
1421231632,201.107500000000,0.817500000000
1421231639,199.514900000000,0.829300000000
1421231641,199.514900000000,1.519200000000
1421231642,199.514900000000,1.651500000000
1421231653,200.365500000000,3.958400000000
1421231658,200.250000000000,0.041600000000
1421231951,204.680000000000,0.483900000000
1421232005,204.490000000000,0.969800000000
1421232005,204.490000000000,3.030200000000
1421232098,203.670000000000,1.439100000000
1421232111,202.586900000000,1.476700000000
1421232112,202.586900000000,0.989600000000
1421232113,202.586900000000,0.719000000000
1421232219,202.260000000000,0.814700000000
1421232258,201.860000000000,4.000000000000
1421232380,199.328800000000,1.056900000000
1421232380,199.328800000000,1.885900000000
1421232381,199.070600000000,0.737400000000
1421232381,199.328800000000,1.057200000000
1421232469,197.800000000000,1.167600000000
1421232469,197.800000000000,0.621900000000
1421232470,197.800000000000,0.551500000000
1421232470,197.800000000000,0.073800000000
1421232470,197.800000000000,1.585200000000
1421232525,197.140000000000,1.410300000000
1421232526,197.140000000000,0.817600000000
1421232526,197.140000000000,1.036300000000
1421232526,197.140000000000,0.735800000000
1421232577,196.978400000000,1.743200000000
1421232669,197.540000000000,1.429800000000
1421232669,197.790000000000,0.827000000000
1421232701,198.080000000000,1.885200000000
1421232701,198.080000000000,1.571900000000
1421232702,198.080000000000,0.542900000000
1421232732,196.980000000000,0.624700000000
1421232733,196.980000000000,1.184500000000
1421232734,196.980000000000,1.201300000000
1421232735,196.980000000000,0.989500000000
1421232780,195.640000000000,0.500000000000
1421232791,195.650000000000,1.375200000000
1421232792,195.650000000000,1.292700000000
1421232792,195.650000000000,0.537200000000
1421233021,197.610000000000,0.500000000000
1421233047,198.330000000000,3.504700000000
1421233049,198.330000000000,0.495300000000
1421233068,199.143500000000,0.675300000000
1421233068,199.143500000000,3.324700000000
1421233089,199.782400000000,3.010000000000
1421233090,199.782400000000,0.990000000000
1421233389,200.100000000000,0.428800000000
1421233389,200.100000000000,3.571200000000
1421233425,199.195000000000,1.251300000000
1421233425,199.195000000000,2.748700000000
1421233516,198.179700000000,0.885900000000
1421233518,198.179700000000,0.714700000000
1421233518,198.179700000000,1.763600000000
1421233519,198.179700000000,0.635800000000
1421233537,197.990000000000,0.108300000000
1421233774,198.210000000000,1.570800000000
1421233775,198.210000000000,0.737400000000
1421233775,198.210000000000,0.781200000000
1421233776,198.210000000000,0.910600000000
1421233799,198.660000000000,0.456700000000
1421233897,199.250000000000,3.335000000000
1421233898,199.221800000000,0.665000000000
1421234177,199.950000000000,0.013800000000
1421234873,198.570000000000,0.100000000000
1421235048,199.380000000000,0.050200000000
1421235619,198.180000000000,0.151400000000
1421235714,196.500000000000,0.354200000000
1421240076,195.060000000000,0.500000000000
1421241161,193.120000000000,0.515900000000
1421241161,193.040000000000,0.740500000000
1421241169,193.120000000000,1.263600000000
1421241505,191.330000000000,0.505000000000
1421242099,193.820000000000,3.815400000000
1421242099,193.090000000000,20.020000000000
1421242099,193.360000000000,11.593900000000
1421242100,192.800000000000,11.018500000000
1421242100,192.800000000000,3.497600000000
1421242100,192.800000000000,10.797700000000
1421242100,192.800000000000,4.409700000000
1421242100,192.800000000000,3.763000000000
1421242101,192.800000000000,2.231300000000
1421242101,192.800000000000,3.852900000000
1421242204,192.250000000000,0.886800000000
1421242205,192.250000000000,3.456800000000
1421242205,192.250000000000,0.656400000000
1421242315,191.730000000000,0.881400000000
1421242316,191.730000000000,0.118600000000
1421242440,191.890000000000,299.111100000000
1421242440,191.710000000000,0.888900000000
1421242481,191.890000000000,299.111100000000
1421242481,191.890000000000,0.888900000000
1421242482,191.890000000000,0.888900000000
1421242519,192.480000000000,0.943700000000
1421242519,192.550000000000,299.056300000000
1421242574,192.260000000000,0.855200000000
1421242574,192.450000000000,3.970500000000
1421242575,192.550000000000,0.943700000000
1421242575,192.550000000000,294.230600000000
1421242685,192.770000000000,3.242100000000
1421242685,192.470000000000,0.960300000000
1421242686,193.000000000000,1.475900000000
1421242686,193.000000000000,3.343600000000
1421242686,193.000000000000,3.815900000000
1421242686,193.000000000000,0.913800000000
1421242686,193.000000000000,4.273300000000
1421242686,193.000000000000,0.986600000000
1421242687,193.000000000000,4.267700000000
1421242687,193.000000000000,1.965700000000
1421242688,193.000000000000,1.819800000000
1421242688,193.000000000000,4.005300000000
1421242688,193.000000000000,0.951800000000
1421242688,193.000000000000,1.409100000000
1421242689,193.000000000000,1.940200000000
1421242689,193.000000000000,1.928700000000
1421242689,193.000000000000,1.247200000000
1421242690,193.000000000000,1.015700000000
1421242691,193.000000000000,1.454000000000
1421242692,193.000000000000,1.852700000000
1421242693,193.000000000000,1.942400000000
1421242693,193.000000000000,0.570000000000
1421242694,193.000000000000,1.363600000000
1421242694,193.000000000000,0.644400000000
1421242694,193.000000000000,1.350600000000
1421242695,193.000000000000,1.986200000000
1421242696,193.000000000000,0.937200000000
1421242696,193.000000000000,0.910200000000
1421242696,193.000000000000,1.851200000000
1421242697,193.000000000000,1.163700000000
1421242697,193.000000000000,1.198900000000
1421242698,193.000000000000,0.862800000000
1421242698,193.000000000000,1.298000000000
1421242699,193.000000000000,0.624100000000
1421242699,193.000000000000,0.726000000000
1421242699,193.000000000000,1.796700000000
1421242700,193.000000000000,1.702900000000
1421242701,193.000000000000,1.485300000000
1421242833,193.010000000000,3.399000000000
1421242833,193.010000000000,4.327700000000
1421242834,193.010000000000,3.329900000000
1421242834,193.010000000000,3.074000000000
1421242835,193.010000000000,3.353400000000
1421242835,193.010000000000,3.164000000000
1421242836,193.010000000000,0.348700000000
1421242836,193.010000000000,4.003300000000
1421242869,193.000000000000,0.848700000000
1421242884,193.000000000000,1.277000000000
1421242885,193.000000000000,1.895700000000
1421242885,193.000000000000,0.621000000000
1421242886,193.000000000000,0.766600000000
1421242886,193.000000000000,1.720200000000
1421242887,193.000000000000,0.839200000000
1421242887,193.000000000000,1.413100000000
1421242888,193.000000000000,0.911900000000
1421242888,193.000000000000,1.020900000000
1421242889,193.000000000000,0.565000000000
1421242889,193.000000000000,1.148600000000
1421242933,193.000000000000,0.539100000000
1421242933,193.000000000000,1.997000000000
1421242934,193.000000000000,0.892100000000
1421242934,193.000000000000,0.813500000000
1421242934,193.000000000000,1.046100000000
1421243000,193.480000000000,0.020000000000
1421243186,195.000000000000,1.101600000000
1421243186,195.000000000000,0.888200000000
1421243186,195.000000000000,0.846400000000
1421243187,195.000000000000,0.796400000000
1421243187,195.000000000000,1.817200000000
1421243188,195.000000000000,0.785000000000
1421243188,195.000000000000,1.319100000000
1421243189,195.000000000000,0.622400000000
1421243189,195.000000000000,1.987900000000
1421243190,195.000000000000,0.530800000000
1421243190,195.000000000000,1.118000000000
1421243191,195.000000000000,0.541600000000
1421243191,195.000000000000,1.051300000000
1421243192,195.000000000000,0.893500000000
1421243192,195.000000000000,0.642000000000
1421243193,195.000000000000,0.670200000000
1421243193,195.000000000000,1.618900000000
1421243193,195.000000000000,1.770100000000
1421243194,195.000000000000,0.996600000000
1421243194,195.000000000000,1.792800000000
1421243195,195.000000000000,1.047400000000
1421243195,195.000000000000,1.247600000000
1421243196,195.000000000000,0.888500000000
1421243196,195.000000000000,0.625000000000
1421243196,195.000000000000,0.876600000000
1421243197,195.000000000000,1.415600000000
1421243197,195.000000000000,1.732900000000
1421243197,195.000000000000,0.795300000000
1421243198,195.000000000000,1.532200000000
1421243198,195.000000000000,0.947900000000
1421243198,195.000000000000,0.644200000000
1421243434,196.450000000000,1.885700000000
1421243434,197.000000000000,0.827700000000
1421243434,197.000000000000,3.543100000000
1421243434,196.720000000000,3.546700000000
1421243435,197.000000000000,3.472400000000
1421243435,197.000000000000,3.968700000000
1421243435,197.000000000000,1.539000000000
1421243435,197.000000000000,1.355200000000
1421243435,197.000000000000,1.280700000000
1421243436,197.000000000000,1.988900000000
1421243436,197.000000000000,1.364400000000
1421243436,197.000000000000,1.441300000000
1421243436,197.000000000000,4.034300000000
1421243436,197.000000000000,1.501000000000
1421243436,197.000000000000,0.943400000000
1421243436,197.000000000000,1.489000000000
1421243437,197.000000000000,1.805500000000
1421243437,197.000000000000,1.052000000000
1421243437,197.000000000000,1.202300000000
1421243438,197.000000000000,1.145000000000
1421243438,197.000000000000,0.622700000000
1421243439,197.000000000000,0.737500000000
1421243439,197.000000000000,1.914400000000
1421243440,197.000000000000,0.768400000000
1421243440,197.000000000000,1.961100000000
1421243441,197.000000000000,1.841000000000
1421243441,197.000000000000,0.949600000000
1421243441,197.000000000000,0.684700000000
1421243441,197.000000000000,1.947600000000
1421243442,197.000000000000,1.994000000000
1421243442,197.000000000000,0.231200000000
1421243442,197.000000000000,1.342200000000
1421243442,197.000000000000,1.284900000000
1421243443,197.000000000000,3.374700000000
1421243443,197.000000000000,1.240200000000
1421243443,197.000000000000,4.197800000000
1421243443,197.000000000000,0.517200000000
1421243444,197.000000000000,1.176000000000
1421243444,197.000000000000,1.007000000000
1421243444,197.000000000000,3.340200000000
1421243444,197.000000000000,3.740400000000
1421243445,197.000000000000,1.328000000000
1421243445,197.000000000000,1.527000000000
1421243445,197.000000000000,3.578500000000
1421243445,197.000000000000,1.299100000000
1421243445,197.000000000000,4.095300000000
1421243446,197.000000000000,4.331800000000
1421243446,197.000000000000,3.445300000000
1421243446,197.000000000000,1.726300000000
1421243447,197.000000000000,1.144200000000
1421243447,197.000000000000,1.366000000000
1421243447,197.000000000000,4.162900000000
1421243447,197.000000000000,4.379400000000
1421243447,197.000000000000,1.680500000000
1421243448,197.000000000000,1.476500000000
1421243448,197.000000000000,3.924300000000
1421243449,197.000000000000,0.811000000000
1421243449,197.000000000000,1.775800000000
1421243449,197.000000000000,3.621500000000
1421243450,197.000000000000,1.116100000000
1421243450,197.000000000000,1.590100000000
1421243450,197.000000000000,0.550900000000
1421243450,197.000000000000,0.566700000000
1421243450,197.000000000000,1.389800000000
1421243451,197.000000000000,0.657500000000
1421243451,197.000000000000,0.630300000000
1421243451,197.000000000000,1.256600000000
1421243451,197.000000000000,1.567300000000
1421243455,197.000000000000,20.742200000000
1421243457,197.000000000000,3.529400000000
1421243458,197.000000000000,3.532700000000
1421243458,197.000000000000,11.848600000000
1421243458,197.000000000000,3.471700000000
1421243467,197.000000000000,3.579600000000
1421243539,197.222300000000,0.737300000000
1421243557,197.030000000000,0.049000000000
1421243582,197.340000000000,0.625600000000
1421243583,197.820000000000,4.184300000000
1421243583,198.000000000000,1.556100000000
1421243583,198.000000000000,3.388000000000
1421243583,198.000000000000,0.796500000000
1421243583,198.000000000000,3.968000000000
1421243584,198.000000000000,4.443400000000
1421243584,198.000000000000,1.651500000000
1421243584,198.000000000000,0.708200000000
1421243584,198.000000000000,3.201200000000
1421243584,198.000000000000,1.801400000000
1421243584,198.000000000000,0.928500000000
1421243585,198.000000000000,1.764800000000
1421243585,198.000000000000,1.136500000000
1421243585,198.000000000000,0.578500000000
1421243586,198.000000000000,1.554200000000
1421243587,198.000000000000,1.602500000000
1421243587,198.000000000000,1.177100000000
1421243588,198.000000000000,0.907500000000
1421243588,198.000000000000,1.092900000000
1421243588,198.000000000000,0.897800000000
1421243588,198.000000000000,1.061400000000
1421243589,198.000000000000,1.238000000000
1421243589,198.000000000000,1.137300000000
1421243590,198.000000000000,1.250700000000
1421243590,198.000000000000,1.750500000000
1421243590,198.000000000000,1.147200000000
1421243590,198.000000000000,0.822600000000
1421243591,198.000000000000,1.924600000000
1421243591,198.000000000000,1.522200000000
1421243591,198.000000000000,1.436200000000
1421243592,198.000000000000,1.886300000000
1421243592,198.000000000000,0.512100000000
1421243592,198.000000000000,0.698300000000
1421243593,198.000000000000,0.582000000000
1421243593,198.000000000000,1.981300000000
1421243594,198.000000000000,1.836700000000
1421243595,198.000000000000,1.787800000000
1421243595,198.000000000000,1.209200000000
1421243595,198.000000000000,1.512500000000
1421243595,198.000000000000,1.952700000000
1421243596,198.000000000000,1.853900000000
1421243596,198.000000000000,1.156700000000
1421243597,198.000000000000,1.000000000000
1421243616,198.000000000000,0.500000000000
1421243621,198.000000000000,1.104300000000
1421243621,198.000000000000,0.669800000000
1421243622,198.000000000000,1.211300000000
1421243622,198.000000000000,3.000000000000
1421243622,198.000000000000,0.854400000000
1421243623,198.000000000000,0.729000000000
1421243623,198.000000000000,1.391400000000
1421243624,198.000000000000,1.940700000000
1421243624,198.000000000000,1.391100000000
1421243625,198.000000000000,1.709200000000
1421243625,198.000000000000,0.781900000000
1421243626,198.000000000000,1.614900000000
1421243626,198.000000000000,1.890900000000
1421243627,198.000000000000,1.524100000000
1421243627,198.000000000000,1.065500000000
1421243627,198.000000000000,1.543200000000
1421243627,198.000000000000,0.994100000000
1421243628,198.000000000000,0.814200000000
1421243628,198.000000000000,0.520200000000
1421243629,198.000000000000,1.417700000000
1421243629,198.000000000000,0.500000000000
1421243630,198.000000000000,0.681600000000
1421243630,198.000000000000,0.586800000000
1421243670,198.000000000000,1.038900000000
1421243670,198.000000000000,1.300100000000
1421243685,197.080000000000,3.000000000000
1421243749,197.700000000000,0.978000000000
1421243806,197.660000000000,1.000000000000
1421243831,197.660000000000,0.500000000000
1421243839,197.770000000000,0.500000000000
1421243888,200.600000000000,3.000000000000
1421243948,197.300000000000,1.181100000000
1421243948,197.600000000000,0.881200000000
1421244030,205.000000000000,3.323200000000
1421244031,205.000000000000,3.491000000000
1421244031,205.000000000000,3.356300000000
1421244031,205.000000000000,4.410000000000
1421244032,205.000000000000,3.286500000000
1421244032,205.000000000000,4.347500000000
1421244032,205.000000000000,3.447900000000
1421244033,205.000000000000,3.310800000000
1421244033,205.000000000000,3.810700000000
1421244033,205.000000000000,3.128600000000
1421244033,205.000000000000,3.940800000000
1421244034,205.000000000000,4.239900000000
1421244034,205.000000000000,4.448900000000
1421244038,205.000000000000,1.457900000000
1421244047,205.500000000000,3.814800000000
1421244047,205.500000000000,3.807400000000
1421244048,205.500000000000,3.695700000000
1421244050,205.440000000000,0.432900000000
1421244059,205.500000000000,3.110000000000
1421244059,205.500000000000,11.648500000000
1421244059,205.500000000000,3.828000000000
1421244059,205.500000000000,11.610000000000
1421244060,206.000000000000,3.995800000000
1421244060,205.500000000000,8.485600000000
1421244060,206.000000000000,10.526000000000
1421244060,206.000000000000,3.160000000000
1421244061,206.000000000000,11.806200000000
1421244061,206.000000000000,4.465900000000
1421244061,206.000000000000,3.662100000000
1421244061,206.000000000000,21.141800000000
1421244061,206.000000000000,11.771300000000
1421244062,206.000000000000,10.885600000000
1421244062,206.000000000000,4.204000000000
1421244070,206.000000000000,4.093400000000
1421244070,206.000000000000,3.067500000000
1421244071,206.000000000000,3.785100000000
1421244071,206.000000000000,3.399500000000
1421244071,206.000000000000,0.035800000000
1421244073,206.500000000000,4.280600000000
1421244074,206.500000000000,3.738000000000
1421244148,206.500000000000,4.416000000000
1421244149,206.500000000000,3.595500000000
1421244149,206.500000000000,3.962600000000
1421244149,206.500000000000,4.333000000000
1421244150,206.500000000000,3.685800000000
1421244150,206.500000000000,4.285700000000
1421244151,206.500000000000,3.657500000000
1421244151,206.500000000000,3.775000000000
1421244151,206.500000000000,3.007900000000
1421244151,206.500000000000,3.754500000000
1421244152,207.000000000000,3.874100000000
1421244152,206.500000000000,3.507900000000
1421244152,207.000000000000,0.848900000000
1421244154,207.000000000000,3.842600000000
1421244154,207.000000000000,4.440100000000
1421244154,207.000000000000,3.344000000000
1421244155,207.000000000000,4.026900000000
1421244163,207.000000000000,3.614600000000
1421244166,207.000000000000,3.739200000000
1421244169,207.000000000000,3.472700000000
1421244170,207.000000000000,2.922900000000
1421244175,207.000000000000,3.848500000000
1421244175,207.000000000000,3.441700000000
1421244176,207.000000000000,4.330300000000
1421244176,207.000000000000,4.253500000000
1421244270,203.165300000000,0.715800000000
1421244565,200.940000000000,1.010000000000
1421244681,200.130000000000,3.820400000000
1421244681,199.430000000000,4.927800000000
1421244681,199.880000000000,11.251800000000
1421244770,200.090000000000,0.020000000000
1421245305,199.280000000000,0.872200000000
1421245305,199.280000000000,1.059200000000
1421245305,199.280000000000,1.828400000000
1421245305,199.280000000000,1.694800000000
1421245306,199.280000000000,2.023700000000
1421245310,199.280000000000,1.989600000000
1421245311,199.280000000000,0.532100000000
1421245334,198.980000000000,0.776700000000
1421245335,198.980000000000,1.482300000000
1421245335,198.980000000000,1.480400000000
1421245336,198.980000000000,1.177200000000
1421245336,198.980000000000,0.083400000000
1421245336,198.980000000000,1.477900000000
1421245336,198.980000000000,1.421200000000
1421245337,198.980000000000,1.362000000000
1421245337,198.980000000000,0.738900000000
1421245400,198.290000000000,0.039000000000
1421245477,198.280000000000,3.716000000000
1421245477,197.790000000000,6.933100000000
1421245477,197.980000000000,11.350900000000
1421245499,197.810000000000,10.187900000000
1421245499,198.250000000000,2.990600000000
1421245500,197.810000000000,3.014200000000
1421245500,197.810000000000,2.307300000000
1421245836,198.060000000000,0.039000000000
1421246481,197.430000000000,0.039000000000
1421246604,197.100000000000,1.860600000000
1421246604,197.100000000000,1.739400000000
1421246604,197.100000000000,1.353500000000
1421246604,197.100000000000,1.489000000000
1421246606,197.100000000000,1.038900000000
1421246607,197.100000000000,1.018300000000
1421246608,197.000000000000,1.628800000000
1421246608,197.100000000000,1.464700000000
1421246608,197.100000000000,0.035600000000
1421246609,197.000000000000,4.060400000000
1421246609,197.000000000000,0.852700000000
1421246609,197.000000000000,0.895800000000
1421246610,197.000000000000,0.562300000000
1421246924,195.720000000000,0.039000000000
1421247839,195.140000000000,0.065400000000
1421247958,195.510000000000,0.039000000000
1421248290,196.500000000000,0.039000000000
1421248429,196.220000000000,0.039000000000
1421248772,197.380000000000,0.039000000000
1421249182,197.530000000000,0.720800000000
1421249182,197.340000000000,1.279200000000
1421249339,196.600000000000,0.039000000000
1421249680,196.010000000000,0.039000000000
1421249748,195.980000000000,0.039000000000
1421250359,196.440000000000,0.039000000000
1421251021,196.140000000000,0.039000000000
1421251753,195.540000000000,0.039000000000
1421251777,195.280000000000,0.500000000000
1421251883,191.600000000000,3.738400000000
1421251883,191.600000000000,1.756100000000
1421251884,191.600000000000,1.459500000000
1421251884,191.600000000000,1.493700000000
1421251884,191.600000000000,1.960800000000
1421251884,191.600000000000,3.046000000000
1421251885,191.600000000000,1.910000000000
1421251885,191.600000000000,0.556100000000
1421251885,191.600000000000,4.382100000000
1421251885,191.600000000000,4.635500000000
1421251885,191.600000000000,0.061800000000
1421251913,191.020000000000,0.039000000000
1421251956,190.750000000000,1.974800000000
1421251956,190.750000000000,1.589100000000
1421251956,190.750000000000,1.828600000000
1421251956,190.750000000000,1.772000000000
1421251957,190.750000000000,0.892300000000
1421251957,190.750000000000,1.209500000000
1421251958,190.750000000000,0.826200000000
1421251958,190.750000000000,0.966300000000
1421251959,190.750000000000,1.860500000000
1421251959,190.750000000000,1.549900000000
1421251959,190.750000000000,0.545300000000
1421251960,190.750000000000,1.136000000000
1421251960,190.750000000000,0.998500000000
1421251961,190.750000000000,0.683200000000
1421251961,190.750000000000,1.167800000000
1421252115,190.430000000000,0.039000000000
1421252153,188.880000000000,1.178300000000
1421252237,188.880000000000,2.355400000000
1421252237,188.880000000000,1.466300000000
1421252238,188.880000000000,0.378000000000
1421252238,188.880000000000,1.774400000000
1421252238,188.880000000000,1.313100000000
1421252238,188.880000000000,1.534500000000
1421252239,188.880000000000,1.077000000000
1421252239,188.880000000000,0.128100000000
1421252239,188.880000000000,1.826900000000
1421252240,188.880000000000,0.702700000000
1421252240,188.880000000000,1.265300000000
1421252240,188.880000000000,1.336900000000
1421252241,188.880000000000,2.048600000000
1421252241,188.880000000000,0.187800000000
1421252241,188.880000000000,0.939000000000
1421252241,188.880000000000,1.426700000000
1421252241,188.880000000000,1.268200000000
1421252300,188.880000000000,0.717800000000
1421252300,188.880000000000,2.075000000000
1421252304,189.390000000000,0.039000000000
1421252364,188.760000000000,0.160000000000
1421252393,188.470000000000,2.682000000000
1421252393,188.000000000000,3.445100000000
1421252393,188.180000000000,10.189900000000
1421252394,188.000000000000,0.424800000000
1421252394,188.000000000000,10.258200000000
1421252519,189.800000000000,0.039000000000
1421252552,190.550000000000,0.039000000000
1421252622,192.290000000000,1.730400000000
1421252622,192.220000000000,9.502400000000
1421252622,191.920000000000,4.690000000000
1421252622,191.460000000000,2.493200000000
1421252622,192.290000000000,1.584000000000
1421252715,191.360000000000,0.039000000000
1421252784,191.030000000000,0.039000000000
1421252924,190.140000000000,0.039000000000
1421253271,189.740000000000,0.039000000000
1421253677,190.430000000000,1.485700000000
1421253678,191.600000000000,13.716500000000
1421253678,191.250000000000,9.645200000000
1421253678,190.780000000000,5.335600000000
1421253678,192.124300000000,0.716000000000
1421253678,192.030000000000,17.745300000000
1421253680,193.060000000000,10.000000000000
1421253680,192.690000000000,35.760400000000
1421253681,194.000000000000,2.001200000000
1421253681,193.270000000000,0.467800000000
1421253682,194.000000000000,6.465200000000
1421253682,194.000000000000,3.408500000000
1421253682,194.000000000000,0.549400000000
1421253683,194.000000000000,12.883700000000
1421253683,194.000000000000,1.298600000000
1421253683,194.000000000000,9.673000000000
1421253684,194.000000000000,7.289200000000
1421253684,194.000000000000,3.027200000000
1421253685,194.000000000000,13.813400000000
1421253685,194.000000000000,3.237000000000
1421253685,194.000000000000,1.776900000000
1421253685,194.000000000000,27.098000000000
1421253685,194.000000000000,9.848200000000
1421253686,194.000000000000,12.990100000000
1421253686,194.000000000000,28.007500000000
1421253686,194.000000000000,3.150400000000
1421253686,194.000000000000,6.976800000000
1421253686,194.000000000000,1.393000000000
1421253686,194.000000000000,10.140800000000
1421253687,194.000000000000,6.287000000000
1421253687,194.000000000000,10.552400000000
1421253688,194.000000000000,3.232800000000
1421253688,194.000000000000,3.992800000000
1421253688,194.000000000000,6.510400000000
1421253688,194.000000000000,1.055200000000
1421253688,194.000000000000,7.567200000000
1421253688,194.000000000000,1.858600000000
1421253689,194.000000000000,3.488200000000
1421253689,194.000000000000,1.347600000000
1421253689,194.000000000000,1.153300000000
1421253689,194.000000000000,1.286400000000
1421253689,194.000000000000,3.923800000000
1421253689,194.000000000000,6.919900000000
1421253690,194.000000000000,3.183100000000
1421253690,194.000000000000,1.695700000000
1421253691,194.000000000000,1.493300000000
1421253691,194.000000000000,4.124500000000
1421253691,194.000000000000,0.521600000000
1421253691,194.000000000000,3.713600000000
1421253691,194.000000000000,3.177500000000
1421253692,194.000000000000,3.812200000000
1421253692,194.000000000000,0.744400000000
1421253692,194.000000000000,0.039000000000
1421253693,194.000000000000,0.802500000000
1421253693,194.000000000000,0.557000000000
1421253693,194.000000000000,1.281900000000
1421253694,194.000000000000,0.678600000000
1421253694,194.000000000000,0.555700000000
1421253694,194.000000000000,1.441300000000
1421253694,194.000000000000,1.202400000000
1421253694,194.000000000000,1.621500000000
1421253694,194.000000000000,0.803500000000
1421253695,194.000000000000,1.515300000000
1421253695,194.000000000000,1.728600000000
1421253695,194.000000000000,1.697600000000
1421253695,194.000000000000,0.653200000000
1421253695,194.000000000000,1.791800000000
1421253727,194.000000000000,1.605600000000
1421253728,194.000000000000,0.610400000000
1421253728,194.000000000000,1.211000000000
1421253729,194.000000000000,0.745900000000
1421253729,194.000000000000,0.750100000000
1421253730,194.000000000000,1.714700000000
1421253730,194.000000000000,1.102000000000
1421253731,194.000000000000,1.843000000000
1421253731,194.000000000000,1.819500000000
1421253732,194.000000000000,1.414100000000
1421253732,194.000000000000,1.296500000000
1421253732,194.000000000000,1.402000000000
1421253733,194.000000000000,1.133300000000
1421253733,194.000000000000,1.216300000000
1421253733,194.000000000000,0.995000000000
1421253786,194.030000000000,0.039000000000
1421253795,194.000000000000,0.680800000000
1421253797,194.000000000000,1.329100000000
1421253797,194.000000000000,0.519700000000
1421253798,194.000000000000,1.177300000000
1421253798,194.000000000000,1.801000000000
1421253798,194.000000000000,1.343100000000
1421253799,194.000000000000,0.886900000000
1421253799,194.000000000000,0.684500000000
1421253800,194.000000000000,1.388200000000
1421253800,194.000000000000,1.039400000000
1421253801,194.000000000000,1.397900000000
1421253801,194.000000000000,1.016700000000
1421253842,194.000000000000,200.000000000000
