1496326960,2450.000000000000,0.491600000000
1496326960,2450.000000000000,0.614200000000
1496326961,2450.000000000000,0.223700000000
1496326961,2450.000000000000,0.552800000000
1496326961,2450.000000000000,1.182900000000
1496326962,2450.000000000000,1.233700000000
1496326962,2450.000000000000,1.234100000000
1496326963,2450.000000000000,1.011300000000
1496326963,2450.000000000000,0.240900000000
1496326965,2450.000000000000,1.393300000000
1496326966,2450.000000000000,0.661600000000
1496326967,2450.000000000000,1.197800000000
1496326967,2450.000000000000,0.102500000000
1496326967,2450.000000000000,0.263800000000
1496326967,2450.000000000000,0.790400000000
1496326968,2450.000000000000,1.316700000000
1496327013,2450.000000000000,1.481900000000
1496327013,2450.000000000000,0.317700000000
1496327014,2450.000000000000,1.049000000000
1496327015,2450.000000000000,0.659400000000
1496327015,2450.000000000000,1.485500000000
1496327015,2450.000000000000,0.116900000000
1496327015,2450.000000000000,0.224800000000
1496327022,2450.000000000000,1.164900000000
1496327023,2450.000000000000,1.228700000000
1496327024,2450.000000000000,0.835600000000
1496327024,2450.000000000000,0.229700000000
1496327025,2450.000000000000,0.398100000000
1496327025,2450.000000000000,1.141200000000
1496327028,2450.000000000000,0.048000000000
1496327028,2450.000000000000,0.921900000000
1496327029,2450.000000000000,0.839000000000
1496327029,2450.000000000000,0.923300000000
1496327029,2450.000000000000,1.010500000000
1496327030,2450.000000000000,0.367100000000
1496327030,2450.000000000000,1.422900000000
1496327030,2450.000000000000,0.783700000000
1496327030,2450.000000000000,0.957500000000
1496327031,2450.000000000000,0.928400000000
1496327031,2450.000000000000,0.267600000000
1496327035,2450.000000000000,0.112700000000
1496327035,2450.000000000000,0.194800000000
1496327036,2450.000000000000,0.856700000000
1496327036,2450.000000000000,0.967100000000
1496327036,2450.000000000000,0.055100000000
1496327037,2450.000000000000,0.385300000000
1496327037,2450.000000000000,0.222600000000
1496327037,2450.000000000000,0.778600000000
1496327037,2450.000000000000,0.071800000000
1496327038,2450.000000000000,0.087800000000
1496327039,2450.000000000000,1.376800000000
1496327039,2450.000000000000,0.442700000000
1496327040,2450.000000000000,0.996800000000
1496327040,2450.000000000000,0.110900000000
1496327041,2450.000000000000,0.029300000000
1496327041,2450.000000000000,0.805900000000
1496327042,2450.000000000000,0.087500000000
1496327043,2450.000000000000,0.535300000000
1496327045,2450.000000000000,0.065600000000
1496327046,2450.000000000000,0.185300000000
1496327047,2450.000000000000,0.616400000000
1496327047,2450.000000000000,0.210000000000
1496327047,2450.000000000000,1.350900000000
1496327048,2450.000000000000,0.789100000000
1496327053,2450.000000000000,12.400000000000
1496327053,2450.000000000000,1.012800000000
1496327053,2450.000000000000,0.397700000000
1496327054,2450.000000000000,1.374200000000
1496327055,2450.000000000000,0.819600000000
1496327055,2450.000000000000,0.923800000000
1496327055,2450.000000000000,0.210800000000
1496327055,2450.000000000000,0.800400000000
1496327056,2450.000000000000,1.423000000000
1496327056,2450.000000000000,0.880000000000
1496327057,2450.000000000000,0.023700000000
1496327057,2450.000000000000,0.623300000000
1496327057,2450.000000000000,1.336700000000
1496327057,2450.000000000000,0.954200000000
1496327058,2450.000000000000,1.181700000000
1496327058,2450.000000000000,1.106100000000
1496327058,2450.000000000000,0.414300000000
1496327058,2450.000000000000,0.183000000000
1496327058,2450.000000000000,1.363100000000
1496327059,2450.000000000000,1.311400000000
1496327059,2450.000000000000,0.830000000000
1496327059,2450.000000000000,0.747000000000
1496327059,2450.000000000000,1.134600000000
1496327060,2450.000000000000,0.426700000000
1496327060,2450.000000000000,0.539300000000
1496327061,2450.000000000000,0.734700000000
1496327061,2450.000000000000,1.208000000000
1496327062,2450.000000000000,0.334200000000
1496327062,2450.000000000000,1.293600000000
1496327062,2450.000000000000,0.466200000000
1496327062,2450.000000000000,1.367600000000
1496327063,2450.000000000000,0.134100000000
1496327063,2450.000000000000,0.932100000000
1496327063,2450.000000000000,0.446700000000
1496327063,2450.000000000000,0.474300000000
1496327064,2450.000000000000,1.311200000000
1496327064,2450.000000000000,1.229600000000
1496327064,2450.000000000000,1.336700000000
1496327064,2450.000000000000,0.650100000000
1496327065,2450.000000000000,0.796200000000
1496327066,2450.000000000000,0.801700000000
1496327067,2450.000000000000,1.240600000000
1496327067,2450.000000000000,0.123400000000
1496327067,2450.000000000000,0.028500000000
1496327068,2450.000000000000,0.267600000000
1496327076,2447.860000000000,1.033700000000
1496327076,2447.960000000000,1.411300000000
1496327149,2446.000000000000,0.044900000000
1496327219,2445.500000000000,17.116100000000
1496327219,2445.370000000000,0.983000000000
1496327219,2444.630000000000,0.045600000000
1496327382,2445.000000000000,0.800000000000
1496327538,2448.160000000000,1.000000000000
1496327568,2450.160000000000,0.896600000000
1496327569,2450.160000000000,1.864700000000
1496327570,2450.160000000000,0.639400000000
1496327570,2450.160000000000,0.966000000000
1496327570,2450.160000000000,1.750100000000
1496327571,2450.160000000000,1.452800000000
1496327571,2450.160000000000,1.032300000000
1496327571,2450.160000000000,1.764800000000
1496327572,2450.160000000000,1.374500000000
1496327572,2450.160000000000,1.103100000000
1496327572,2450.160000000000,1.227600000000
1496327573,2450.160000000000,1.487500000000
1496327574,2450.160000000000,0.627400000000
1496327574,2450.160000000000,1.800400000000
1496327574,2450.160000000000,1.179300000000
1496327574,2450.160000000000,1.872100000000
1496327575,2450.160000000000,1.930200000000
1496327575,2450.160000000000,2.011400000000
1496327575,2450.160000000000,0.787400000000
1496327576,2450.160000000000,0.662100000000
1496327576,2450.160000000000,1.766500000000
1496327576,2450.160000000000,1.823500000000
1496327576,2450.160000000000,1.017100000000
1496327577,2450.160000000000,2.023500000000
1496327577,2450.160000000000,1.235200000000
1496327577,2450.160000000000,1.788900000000
1496327578,2450.160000000000,1.403500000000
1496327578,2450.160000000000,1.356500000000
1496327579,2450.160000000000,0.537500000000
1496327579,2450.160000000000,0.778400000000
1496327579,2450.160000000000,1.593400000000
1496327580,2450.160000000000,1.725500000000
1496327580,2450.160000000000,1.244100000000
1496327581,2450.160000000000,0.838100000000
1496327581,2450.160000000000,0.986700000000
1496327581,2450.160000000000,1.072000000000
1496327582,2450.160000000000,0.919400000000
1496327582,2450.160000000000,1.445100000000
1496327583,2450.160000000000,0.015400000000
1496327644,2456.830000000000,1.239900000000
1496327644,2456.830000000000,1.572500000000
1496327644,2456.820000000000,0.391000000000
1496327645,2456.830000000000,1.458500000000
1496327645,2456.830000000000,1.241500000000
1496327800,2454.660000000000,0.520100000000
1496327800,2454.660000000000,0.157000000000
1496327801,2454.660000000000,1.913000000000
1496327802,2454.660000000000,1.879000000000
1496327929,2450.000000000000,1.000000000000
1496328011,2449.640000000000,0.063000000000
1496328073,2451.630000000000,0.031100000000
1496328073,2451.630000000000,0.000100000000
1496328074,2451.630000000000,0.002300000000
1496328074,2451.630000000000,0.031100000000
1496328074,2451.630000000000,0.469800000000
1496328075,2451.630000000000,0.002300000000
1496328075,2451.630000000000,0.014000000000
1496328075,2451.630000000000,0.057800000000
1496328075,2451.630000000000,0.469800000000
1496328082,2451.810000000000,0.000100000000
1496328165,2444.400000000000,0.007400000000
1496328166,2444.400000000000,0.002300000000
1496328184,2444.400000000000,0.014000000000
1496328187,2444.400000000000,0.134900000000
1496328187,2444.400000000000,0.874400000000
1496328192,2442.900000000000,0.203000000000
1496328193,2442.900000000000,0.203000000000
1496328222,2442.000000000000,0.597800000000
1496328222,2441.880000000000,0.378200000000
1496328222,2441.870000000000,0.024000000000
1496328233,2441.840000000000,0.000200000000
1496328245,2441.870000000000,0.203000000000
1496328245,2441.870000000000,0.203000000000
1496328263,2440.840000000000,0.000100000000
1496328294,2438.600000000000,0.019200000000
1496328460,2437.000000000000,1.000000000000
1496328723,2433.000000000000,0.047700000000
1496328723,2433.000000000000,0.552300000000
1496328849,2433.980000000000,0.403600000000
1496328849,2433.900000000000,0.596400000000
1496328858,2432.090000000000,0.914800000000
1496328859,2432.090000000000,1.034100000000
1496328860,2432.090000000000,0.084600000000
1496328860,2432.090000000000,1.076200000000
1496328860,2432.090000000000,1.376400000000
1496328860,2432.090000000000,0.213900000000
1496328970,2427.170000000000,0.909000000000
1496328970,2427.170000000000,0.581800000000
1496328972,2427.170000000000,0.509200000000
1496329007,2427.990000000000,0.146000000000
1496329018,2427.990000000000,1.074400000000
1496329020,2427.990000000000,1.177200000000
1496329020,2427.990000000000,0.615000000000
1496329020,2427.990000000000,1.047100000000
1496329020,2427.990000000000,1.357400000000
1496329021,2427.990000000000,0.545600000000
1496329021,2427.990000000000,1.550400000000
1496329021,2427.990000000000,0.146000000000
1496329021,2427.990000000000,0.769700000000
1496329021,2427.990000000000,1.061500000000
1496329022,2427.990000000000,1.635800000000
1496329022,2427.990000000000,1.292400000000
1496329023,2427.990000000000,1.698600000000
1496329023,2427.990000000000,1.905000000000
1496329023,2427.990000000000,1.228100000000
1496329055,2427.990000000000,1.191200000000
1496329055,2427.990000000000,1.526300000000
1496329055,2427.990000000000,0.912500000000
1496329056,2427.990000000000,1.151300000000
1496329056,2427.990000000000,1.520600000000
1496329057,2427.990000000000,0.516900000000
1496329057,2427.990000000000,1.765600000000
1496329057,2427.990000000000,0.534900000000
1496329058,2427.990000000000,0.607300000000
1496329058,2427.990000000000,1.874800000000
1496329058,2427.990000000000,1.191200000000
1496329088,2427.990000000000,1.488400000000
1496329088,2427.990000000000,0.917800000000
1496329089,2427.990000000000,1.377400000000
1496329089,2427.990000000000,1.774300000000
1496329089,2427.990000000000,0.795500000000
1496329090,2427.990000000000,0.959300000000
1496329090,2427.990000000000,1.385800000000
1496329090,2427.990000000000,1.787100000000
1496329091,2427.990000000000,0.478700000000
1496329091,2427.990000000000,1.769600000000
1496329091,2427.990000000000,0.411900000000
1496329091,2427.990000000000,1.507000000000
1496329092,2427.990000000000,1.088900000000
1496329092,2427.990000000000,1.653100000000
1496329092,2427.990000000000,0.469300000000
1496329106,2427.900000000000,0.162000000000
1496329107,2427.990000000000,0.161500000000
1496329107,2427.900000000000,0.938500000000
1496329111,2427.990000000000,1.568300000000
1496329112,2427.990000000000,0.363300000000
1496329135,2428.510000000000,0.000100000000
1496329136,2427.970000000000,0.000100000000
1496329168,2427.200000000000,0.065000000000
1496329178,2422.520000000000,0.000700000000
1496329257,2421.430000000000,0.004600000000
1496329367,2420.000000000000,0.130000000000
1496329388,2411.650000000000,0.163000000000
1496329395,2411.060000000000,0.163000000000
1496329396,2411.200000000000,0.135800000000
1496329398,2407.200000000000,0.000200000000
1496329408,2409.900000000000,0.163000000000
1496329430,2408.230000000000,0.163000000000
1496329432,2405.760000000000,0.000100000000
1496329458,2405.360000000000,0.605700000000
1496329458,2405.360000000000,0.147800000000
1496329459,2405.360000000000,0.802400000000
1496329460,2405.360000000000,0.939100000000
1496329460,2405.360000000000,0.206000000000
1496329462,2404.200000000000,0.147000000000
1496329491,2403.760000000000,0.164000000000
1496329545,2400.000000000000,0.200000000000
1496329564,2399.000000000000,0.010000000000
1496329579,2394.690000000000,0.001000000000
1496329609,2391.450000000000,0.206000000000
1496329614,2393.820000000000,0.131000000000
1496329614,2396.430000000000,0.017000000000
1496329627,2389.190000000000,1.576700000000
1496329628,2389.190000000000,0.938300000000
1496329667,2390.810000000000,2.510000000000
1496329667,2391.580000000000,1.750700000000
1496329667,2387.600000000000,0.103000000000
1496329667,2387.890000000000,9.060800000000
1496329668,2387.600000000000,0.103000000000
1496329668,2387.600000000000,0.104000000000
1496329668,2387.600000000000,0.107000000000
1496329669,2380.420000000000,0.250000000000
1496329669,2384.090000000000,18.110900000000
1496329669,2378.850000000000,17.300000000000
1496329669,2379.280000000000,28.302100000000
1496329670,2377.990000000000,1.400500000000
1496329670,2377.990000000000,13.544400000000
1496329670,2391.590000000000,0.752700000000
1496329670,2377.990000000000,7.025200000000
1496329670,2377.990000000000,0.328400000000
1496329671,2391.590000000000,1.198100000000
1496329671,2391.590000000000,0.558200000000
1496329692,2388.670000000000,0.165000000000
1496329699,2388.670000000000,0.165000000000
1496329707,2386.770000000000,0.104000000000
1496329707,2386.770000000000,0.105000000000
1496329707,2386.770000000000,0.103000000000
1496329708,2382.640000000000,7.218700000000
1496329708,2386.770000000000,0.106000000000
1496329708,2386.770000000000,0.105000000000
1496329708,2386.330000000000,0.895300000000
1496329709,2378.010000000000,0.106000000000
1496329709,2378.010000000000,6.233100000000
1496329709,2378.990000000000,15.053000000000
1496329709,2378.010000000000,0.267900000000
1496329709,2378.010000000000,1.154600000000
1496329710,2378.010000000000,0.195800000000
1496329710,2378.010000000000,6.031300000000
1496329710,2378.010000000000,0.171800000000
1496329710,2378.010000000000,6.975900000000
1496329710,2378.010000000000,5.671400000000
1496329710,2378.010000000000,0.275900000000
1496329710,2378.010000000000,0.210300000000
1496329711,2378.010000000000,5.571900000000
1496329711,2378.010000000000,5.214000000000
1496329711,2378.010000000000,1.280800000000
1496329711,2378.010000000000,5.965600000000
1496329711,2378.010000000000,1.302800000000
1496329711,2378.010000000000,5.759800000000
1496329711,2378.010000000000,0.410100000000
1496329712,2378.010000000000,0.892200000000
1496329712,2378.010000000000,0.085800000000
1496329712,2378.010000000000,0.083100000000
1496329712,2378.010000000000,0.549000000000
1496329712,2378.010000000000,1.061000000000
1496329712,2378.010000000000,0.453000000000
1496329713,2378.010000000000,1.125400000000
1496329713,2378.010000000000,1.456300000000
1496329713,2378.010000000000,0.152700000000
1496329713,2378.010000000000,0.587000000000
1496329713,2378.010000000000,0.165000000000
1496329714,2378.010000000000,0.563200000000
1496329714,2378.010000000000,0.056500000000
1496329714,2378.010000000000,0.194900000000
1496329715,2378.010000000000,0.866400000000
1496329715,2378.010000000000,0.810500000000
1496329716,2378.010000000000,1.016100000000
1496329716,2378.010000000000,0.132500000000
1496329717,2378.010000000000,0.215200000000
1496329717,2378.010000000000,1.231900000000
1496329717,2378.010000000000,0.502000000000
1496329717,2378.010000000000,1.331600000000
1496329718,2378.010000000000,1.062100000000
1496329718,2378.010000000000,1.294800000000
1496329718,2378.010000000000,0.124900000000
1496329718,2378.010000000000,0.251000000000
1496329719,2378.010000000000,0.221800000000
1496329719,2378.010000000000,0.378700000000
1496329719,2378.010000000000,1.333200000000
1496329720,2378.010000000000,1.327500000000
1496329720,2378.010000000000,0.825100000000
1496329720,2378.010000000000,1.043300000000
1496329721,2378.010000000000,1.052300000000
1496329721,2378.010000000000,0.361200000000
1496329722,2378.010000000000,0.159900000000
1496329722,2378.010000000000,0.125700000000
1496329722,2378.010000000000,0.418200000000
1496329726,2382.090000000000,0.007400000000
1496329727,2381.730000000000,0.165000000000
1496329759,2379.940000000000,0.106000000000
1496329759,2379.940000000000,0.101000000000
1496329759,2379.940000000000,3.363000000000
1496329760,2379.930000000000,0.104000000000
1496329760,2379.940000000000,0.203000000000
1496329760,2379.200000000000,0.707500000000
1496329761,2378.010000000000,0.129000000000
1496329761,2378.010000000000,1.133800000000
1496329761,2378.010000000000,0.480700000000
1496329761,2378.010000000000,1.372100000000
1496329761,2378.010000000000,0.915800000000
1496329761,2378.010000000000,0.296300000000
1496329762,2378.010000000000,0.200600000000
1496329762,2378.010000000000,0.220600000000
1496329762,2378.010000000000,0.279300000000
1496329762,2378.010000000000,1.014800000000
1496329762,2378.010000000000,0.586800000000
1496329763,2378.010000000000,0.473700000000
1496329763,2378.010000000000,0.976400000000
1496329763,2378.010000000000,0.011100000000
1496329764,2378.010000000000,1.059400000000
1496329764,2378.010000000000,0.167900000000
1496329764,2378.010000000000,0.553800000000
1496329764,2378.010000000000,0.336700000000
1496329765,2378.010000000000,0.637700000000
1496329766,2378.010000000000,0.937900000000
1496329766,2378.010000000000,1.344400000000
1496329766,2378.010000000000,0.948800000000
1496329766,2378.010000000000,0.694000000000
1496329767,2378.010000000000,0.958900000000
1496329767,2378.010000000000,0.183900000000
1496329782,2378.010000000000,0.045500000000
1496329793,2378.000000000000,0.821000000000
1496329793,2378.000000000000,1.283000000000
1496329794,2378.000000000000,1.407800000000
1496329795,2378.000000000000,0.725400000000
1496329795,2378.000000000000,1.611000000000
1496329795,2378.000000000000,1.622700000000
1496329795,2378.000000000000,1.434400000000
1496329796,2378.000000000000,1.812900000000
1496329796,2378.000000000000,1.002000000000
1496329796,2378.000000000000,1.818800000000
1496329796,2378.000000000000,1.834900000000
1496329797,2378.000000000000,0.138800000000
1496329797,2378.000000000000,1.900300000000
1496329797,2378.000000000000,1.347900000000
1496329797,2378.000000000000,1.377900000000
1496329801,2378.010000000000,0.165000000000
1496329809,2378.000000000000,0.105000000000
1496329809,2378.000000000000,0.084000000000
1496329809,2378.000000000000,0.061200000000
1496329809,2378.000000000000,0.172000000000
1496329809,2378.000000000000,0.203000000000
1496329810,2378.000000000000,0.106000000000
1496329833,2376.180000000000,0.104000000000
1496329833,2376.180000000000,0.200000000000
1496329834,2376.000000000000,0.004000000000
1496329840,2375.560000000000,2.009700000000
1496329841,2375.560000000000,1.605300000000
1496329849,2377.760000000000,0.165000000000
1496329855,2378.010000000000,0.137100000000
1496329857,2377.700000000000,1.490000000000
1496329858,2378.010000000000,1.069300000000
1496329858,2378.010000000000,0.860600000000
1496329858,2378.010000000000,0.904600000000
1496329859,2378.010000000000,1.315200000000
1496329859,2378.010000000000,1.117400000000
1496329859,2378.010000000000,0.876800000000
1496329860,2378.010000000000,0.230900000000
1496329860,2378.010000000000,0.979600000000
1496329860,2378.010000000000,0.472800000000
1496329861,2378.010000000000,0.968100000000
1496329862,2378.010000000000,0.246400000000
1496329862,2378.010000000000,0.485500000000
1496329863,2378.010000000000,0.929700000000
1496329863,2378.010000000000,0.884100000000
1496329864,2378.010000000000,0.640100000000
1496329864,2378.010000000000,0.623700000000
1496329865,2378.010000000000,0.957600000000
1496329865,2378.010000000000,0.403200000000
1496329865,2378.010000000000,0.966700000000
1496329865,2378.010000000000,1.216300000000
1496329866,2378.010000000000,0.737300000000
1496329866,2378.010000000000,0.900400000000
1496329866,2378.010000000000,0.687100000000
1496329866,2378.010000000000,0.984500000000
1496329867,2378.010000000000,1.018200000000
1496329867,2378.010000000000,1.038700000000
1496329867,2378.010000000000,0.098600000000
1496329868,2378.010000000000,0.802500000000
1496329868,2378.010000000000,0.550900000000
1496329868,2378.010000000000,0.969400000000
1496329868,2378.010000000000,0.899200000000
1496329869,2378.010000000000,0.472400000000
1496329870,2378.010000000000,1.281600000000
1496329870,2378.010000000000,0.991000000000
1496329870,2378.010000000000,0.852500000000
1496329871,2378.010000000000,0.326700000000
1496329871,2378.010000000000,0.639400000000
1496329871,2378.010000000000,0.003700000000
1496329871,2378.010000000000,0.899000000000
1496329871,2378.010000000000,1.323500000000
1496329872,2378.010000000000,0.578400000000
1496329872,2378.010000000000,1.032100000000
1496329872,2378.010000000000,0.689700000000
1496329872,2378.010000000000,0.348000000000
1496329873,2378.010000000000,1.062000000000
1496329873,2378.010000000000,0.122200000000
1496329873,2378.010000000000,1.378600000000
1496329873,2378.010000000000,0.730400000000
1496329876,2378.010000000000,1.077300000000
1496329876,2378.010000000000,0.867800000000
1496329876,2378.010000000000,0.845300000000
1496329877,2378.010000000000,1.215700000000
1496329877,2378.010000000000,0.107900000000
1496329877,2378.010000000000,0.555600000000
1496329878,2378.010000000000,1.077900000000
1496329878,2378.010000000000,0.011200000000
1496329882,2378.010000000000,1.230800000000
1496329882,2378.010000000000,0.022200000000
1496329882,2378.010000000000,1.099200000000
1496329883,2378.010000000000,1.076900000000
1496329883,2378.010000000000,0.660200000000
1496329883,2378.010000000000,1.027900000000
1496329884,2378.010000000000,0.302400000000
1496329884,2378.010000000000,0.700500000000
1496329884,2378.010000000000,0.104700000000
1496329884,2378.010000000000,1.102900000000
1496329885,2378.010000000000,0.792200000000
1496329885,2378.010000000000,1.062000000000
1496329885,2378.010000000000,0.647800000000
1496329886,2378.010000000000,1.334700000000
1496329886,2378.010000000000,0.080300000000
1496329886,2378.010000000000,0.500000000000
1496329886,2378.010000000000,1.057700000000
1496329886,2378.010000000000,0.474400000000
1496329888,2378.010000000000,0.469300000000
1496329888,2378.010000000000,0.967400000000
1496329888,2378.010000000000,0.028200000000
1496329889,2378.010000000000,1.011400000000
1496329889,2378.010000000000,0.977200000000
1496329889,2378.010000000000,0.409100000000
1496329889,2378.010000000000,0.311400000000
1496329890,2378.010000000000,0.042800000000
1496329890,2378.010000000000,1.233500000000
1496329891,2378.010000000000,1.191400000000
1496329891,2378.010000000000,0.973100000000
1496329891,2378.010000000000,0.617300000000
1496329891,2378.010000000000,0.836500000000
1496329892,2378.010000000000,0.334800000000
1496329892,2378.010000000000,0.215700000000
1496329892,2378.010000000000,0.619500000000
1496329892,2378.010000000000,0.844800000000
1496329893,2378.010000000000,0.593700000000
1496329894,2378.010000000000,1.007700000000
1496329894,2378.010000000000,0.381200000000
1496329894,2378.010000000000,0.186200000000
1496329895,2378.010000000000,1.165100000000
1496329895,2378.010000000000,0.748600000000
1496329895,2378.010000000000,0.740400000000
1496329896,2378.010000000000,0.993200000000
1496329896,2378.010000000000,1.046100000000
1496329897,2378.010000000000,0.009800000000
1496329897,2378.010000000000,1.000300000000
1496329898,2378.010000000000,0.353300000000
1496329898,2378.010000000000,0.014000000000
1496329913,2384.710000000000,1.747600000000
1496329913,2388.000000000000,1.570100000000
1496329913,2388.000000000000,0.832800000000
1496329914,2388.000000000000,1.106500000000
1496329915,2388.000000000000,1.396500000000
1496329915,2388.000000000000,1.189500000000
1496329916,2388.000000000000,1.162900000000
1496329916,2388.000000000000,1.724300000000
1496329916,2388.000000000000,1.878800000000
1496329917,2388.000000000000,0.799900000000
1496329917,2388.000000000000,2.016600000000
1496329917,2388.000000000000,0.726900000000
1496329917,2388.000000000000,1.298200000000
1496329917,2388.000000000000,1.989300000000
1496329918,2388.000000000000,1.593600000000
1496329918,2388.000000000000,1.445800000000
1496329918,2388.000000000000,2.051700000000
1496329919,2388.010000000000,1.835800000000
1496329919,2388.010000000000,2.139700000000
1496329919,2388.010000000000,1.243600000000
1496329919,2388.010000000000,0.138900000000
1496329920,2388.000000000000,0.732200000000
1496329920,2388.000000000000,1.915100000000
1496329926,2392.000000000000,1.237300000000
1496329926,2391.600000000000,1.509000000000
1496329927,2392.000000000000,0.902000000000
1496329927,2392.000000000000,1.199400000000
1496329927,2392.000000000000,1.031900000000
1496329927,2392.000000000000,1.716400000000
1496329928,2392.000000000000,1.467200000000
1496329928,2392.000000000000,1.403400000000
1496329936,2394.000000000000,1.357700000000
1496329936,2392.600000000000,1.618300000000
1496329937,2394.000000000000,1.162500000000
1496329937,2394.000000000000,0.693700000000
1496329937,2394.000000000000,2.069700000000
1496329937,2394.000000000000,1.440200000000
1496329938,2394.000000000000,0.593200000000
1496330037,2401.010000000000,0.477100000000
1496330037,2401.020000000000,1.400000000000
1496330038,2401.000000000000,0.200000000000
1496330038,2401.010000000000,0.637400000000
1496330038,2401.010000000000,1.368500000000
1496330040,2399.700000000000,0.181000000000
1496330049,2399.700000000000,0.009200000000
1496330056,2399.940000000000,0.042300000000
1496330058,2400.000000000000,1.178300000000
1496330058,2400.000000000000,0.979800000000
1496330059,2400.000000000000,0.820800000000
1496330060,2400.000000000000,0.998200000000
1496330061,2400.000000000000,0.971800000000
1496330061,2400.000000000000,1.547000000000
1496330061,2400.000000000000,1.322600000000
1496330061,2400.000000000000,1.327000000000
1496330062,2400.000000000000,1.145600000000
1496330062,2400.000000000000,0.591700000000
1496330062,2400.000000000000,2.023600000000
1496330065,2400.000000000000,1.343900000000
1496330066,2400.000000000000,0.657900000000
1496330066,2400.000000000000,0.091800000000
1496330073,2400.110000000000,0.021000000000
1496330073,2398.090000000000,0.082200000000
1496330074,2398.090000000000,0.082500000000
1496330074,2394.360000000000,0.091200000000
1496330074,2394.360000000000,0.095100000000
1496330074,2394.360000000000,0.312600000000
1496330095,2395.090000000000,0.000100000000
1496330105,2393.010000000000,3.965600000000
1496330105,2396.700000000000,1.136000000000
1496330111,2394.920000000000,0.341200000000
1496330111,2391.330000000000,0.576300000000
1496330112,2394.940000000000,0.883200000000
1496330112,2391.330000000000,2.433900000000
1496330135,2391.600000000000,0.020300000000
1496330135,2395.200000000000,0.980800000000
1496330148,2395.270000000000,0.274000000000
1496330148,2393.720000000000,0.200000000000
1496330148,2395.270000000000,0.943400000000
1496330149,2391.650000000000,5.443600000000
1496330149,2387.810000000000,2.007500000000
1496330151,2396.630000000000,0.190700000000
1496330173,2396.040000000000,0.710200000000
1496330173,2392.430000000000,0.003100000000
1496330181,2396.890000000000,0.000700000000
1496330183,2396.900000000000,1.735000000000
1496330183,2396.890000000000,0.343300000000
1496330196,2398.720000000000,0.045600000000
1496330198,2396.890000000000,0.107000000000
1496330198,2393.210000000000,1.026900000000
1496330200,2399.380000000000,0.220000000000
1496330211,2393.980000000000,0.671700000000
1496330211,2397.450000000000,0.863300000000
1496330212,2393.980000000000,0.011600000000
1496330219,2397.150000000000,0.040400000000
1496330219,2397.180000000000,0.154700000000
1496330219,2393.480000000000,0.193700000000
1496330219,2397.180000000000,0.460700000000
1496330220,2393.480000000000,0.073500000000
1496330220,2397.180000000000,0.098900000000
1496330221,2397.100000000000,0.019300000000
1496330221,2397.100000000000,0.133000000000
1496330222,2397.050000000000,1.168800000000
1496330222,2393.390000000000,0.144400000000
1496330222,2393.390000000000,1.825200000000
1496330222,2393.480000000000,0.214800000000
1496330230,2393.750000000000,2.532100000000
1496330230,2397.190000000000,0.950700000000
1496330231,2393.370000000000,2.025400000000
1496330231,2397.010000000000,0.454200000000
1496330233,2394.970000000000,3.370200000000
1496330233,2398.610000000000,0.522800000000
1496330248,2399.550000000000,0.000700000000
1496330252,2395.820000000000,2.748300000000
1496330252,2399.550000000000,0.169800000000
1496330254,2395.830000000000,1.044200000000
1496330254,2396.050000000000,4.166400000000
1496330254,2399.750000000000,1.077900000000
1496330255,2399.340000000000,0.000200000000
1496330255,2395.830000000000,0.367900000000
1496330272,2400.350000000000,1.423700000000
1496330283,2403.550000000000,0.004200000000
1496330284,2402.620000000000,0.632200000000
1496330284,2403.550000000000,0.009800000000
1496330286,2402.620000000000,0.083200000000
1496330286,2402.550000000000,2.345600000000
1496330293,2404.980000000000,1.565400000000
1496330293,2404.700000000000,2.103600000000
1496330302,2404.680000000000,1.289800000000
1496330302,2401.880000000000,0.015000000000
1496330302,2400.960000000000,2.905400000000
1496330303,2380.240000000000,0.286100000000
1496330303,2382.120000000000,0.014000000000
1496330303,2381.220000000000,0.014000000000
1496330313,2400.150000000000,2.051700000000
1496330313,2403.810000000000,0.485900000000
1496330316,2403.860000000000,0.500000000000
1496330318,2403.860000000000,0.815200000000
1496330318,2400.110000000000,1.509200000000
1496330323,2400.270000000000,1.010900000000
1496330323,2403.860000000000,0.148700000000
1496330327,2401.670000000000,0.250000000000
1496330329,2403.590000000000,0.014000000000
1496330332,2403.380000000000,0.184000000000
1496330333,2401.680000000000,2.005800000000
1496330333,2404.860000000000,0.724100000000
1496330334,2401.900000000000,0.249800000000
1496330334,2401.900000000000,0.915900000000
1496330335,2401.900000000000,0.124000000000
1496330337,2406.930000000000,0.091200000000
1496330339,2401.280000000000,2.598300000000
1496330339,2401.900000000000,0.014000000000
1496330339,2404.770000000000,0.838900000000
1496330341,2402.180000000000,0.382200000000
1496330345,2405.710000000000,0.393800000000
1496330346,2405.710000000000,0.079000000000
1496330348,2404.830000000000,0.187800000000
1496330350,2399.990000000000,1.088300000000
1496330350,2399.990000000000,0.067900000000
1496330350,2403.560000000000,0.971900000000
1496330352,2379.200000000000,0.016800000000
1496330352,2379.200000000000,0.040000000000
1496330354,2404.780000000000,0.103400000000
1496330357,2405.300000000000,0.461700000000
1496330367,2405.840000000000,0.661700000000
1496330367,2402.120000000000,2.093700000000
1496330371,2407.810000000000,0.011000000000
1496330396,2405.780000000000,0.006600000000
1496330397,2407.740000000000,0.010400000000
1496330449,2409.840000000000,0.136700000000
1496330460,2409.310000000000,0.101400000000
1496330460,2409.310000000000,0.007300000000
1496330467,2407.530000000000,0.684800000000
1496330467,2403.760000000000,0.216400000000
1496330468,2403.760000000000,0.159100000000
1496330468,2407.500000000000,0.028000000000
1496330470,2402.210000000000,0.419500000000
1496330482,2408.020000000000,0.866000000000
1496330482,2407.480000000000,0.314000000000
1496330484,2407.480000000000,0.146700000000
1496330487,2403.810000000000,0.468200000000
1496330487,2407.480000000000,0.099900000000
1496330490,2407.430000000000,0.080000000000
1496330496,2407.670000000000,0.320400000000
1496330496,2403.810000000000,0.078000000000
1496330496,2407.430000000000,0.235800000000
1496330498,2407.670000000000,0.048900000000
1496330509,2407.670000000000,0.243000000000
1496330519,2403.810000000000,2.946800000000
1496330519,2407.670000000000,0.619200000000
1496330519,2399.980000000000,2.018200000000
1496330522,2403.590000000000,0.980300000000
1496330522,2406.990000000000,0.135400000000
1496330522,2407.130000000000,0.945800000000
1496330522,2403.590000000000,0.169900000000
1496330525,2404.560000000000,4.475400000000
1496330525,2400.750000000000,2.417400000000
1496330525,2408.150000000000,0.875700000000
1496330546,2409.150000000000,0.010400000000
1496330553,2403.730000000000,0.849900000000
1496330553,2407.380000000000,0.387900000000
1496330554,2407.210000000000,0.230900000000
1496330557,2409.150000000000,0.008100000000
1496330562,2409.370000000000,0.081600000000
1496330562,2409.150000000000,0.400000000000
1496330609,2409.040000000000,0.025700000000
1496330612,2407.220000000000,0.421100000000
1496330612,2408.000000000000,0.100000000000
1496330616,2407.730000000000,0.008100000000
1496330629,2407.590000000000,0.095000000000
1496330683,2402.730000000000,0.093900000000
1496330694,2401.160000000000,0.015800000000
1496330708,2398.990000000000,0.014700000000
1496330757,2399.000000000000,1.000000000000
1496330771,2401.090000000000,0.011300000000
1496330829,2403.080000000000,2.000000000000
1496330863,2402.000000000000,1.188900000000
1496330864,2402.000000000000,0.811100000000
1496330880,2397.630000000000,0.128800000000
1496330918,2397.770000000000,0.015700000000
1496330941,2397.770000000000,0.003500000000
1496330978,2397.770000000000,0.040900000000
1496330997,2400.160000000000,1.000000000000
1496331002,2400.160000000000,0.052400000000
1496331020,2401.330000000000,0.057000000000
1496331037,2402.350000000000,0.702800000000
1496331037,2402.350000000000,1.297200000000
1496331047,2402.340000000000,0.007400000000
1496331051,2403.050000000000,0.003500000000
1496331136,2405.330000000000,0.004500000000
1496331147,2404.090000000000,0.010300000000
1496331157,2404.210000000000,0.104600000000
1496331162,2405.660000000000,0.053900000000
1496331170,2405.660000000000,0.018800000000
1496331200,2406.020000000000,0.819600000000
1496331200,2409.540000000000,10.995100000000
1496331201,2410.000000000000,1.323000000000
1496331201,2410.000000000000,1.445400000000
1496331201,2410.000000000000,1.574800000000
1496331201,2410.000000000000,1.181300000000
1496331201,2410.000000000000,2.185700000000
1496331202,2410.000000000000,0.475100000000
1496331211,2407.720000000000,0.345100000000
1496331211,2407.720000000000,0.050100000000
1496331214,2407.720000000000,1.057800000000
1496331214,2410.000000000000,1.934000000000
1496331215,2410.000000000000,1.017000000000
1496331215,2410.000000000000,1.612700000000
1496331216,2410.000000000000,1.205600000000
1496331216,2410.000000000000,0.797300000000
1496331216,2410.000000000000,1.803600000000
1496331217,2410.000000000000,1.317500000000
1496331217,2410.000000000000,1.434600000000
1496331217,2410.000000000000,2.053800000000
1496331217,2410.000000000000,0.789400000000
1496331218,2410.000000000000,0.683900000000
1496331218,2410.000000000000,1.785300000000
1496331218,2410.000000000000,0.720400000000
1496331219,2410.000000000000,0.898600000000
1496331219,2410.000000000000,0.888500000000
1496331219,2409.210000000000,1.179900000000
1496331219,2410.000000000000,1.346300000000
1496331220,2410.000000000000,1.177500000000
1496331220,2410.000000000000,1.246600000000
1496331220,2410.000000000000,1.986900000000
1496331220,2410.000000000000,1.952600000000
1496331221,2410.000000000000,2.024300000000
1496331221,2410.000000000000,1.688600000000
1496331221,2410.000000000000,1.446800000000
1496331238,2410.000000000000,6.067100000000
1496331238,2410.000000000000,4.188100000000
1496331238,2410.000000000000,13.932900000000
1496331238,2404.560000000000,0.705800000000
1496331238,2404.560000000000,4.344200000000
1496331238,2410.000000000000,1.762400000000
1496331239,2402.670000000000,0.415100000000
1496331259,2401.830000000000,1.169100000000
1496331266,2406.570000000000,1.000000000000
1496331286,2410.890000000000,0.705400000000
1496331286,2410.890000000000,1.140000000000
1496331287,2410.890000000000,0.636600000000
1496331323,2404.680000000000,0.417500000000
1496331324,2408.270000000000,0.118900000000
1496331324,2404.680000000000,0.417500000000
1496331324,2404.680000000000,0.063700000000
1496331325,2408.260000000000,0.251400000000
1496331325,2404.600000000000,0.417500000000
1496331325,2404.600000000000,0.166100000000
1496331326,2404.810000000000,0.417500000000
1496331326,2408.260000000000,0.417500000000
1496331327,2408.260000000000,1.055600000000
1496331327,2404.810000000000,0.509900000000
1496331328,2408.260000000000,0.417500000000
1496331328,2408.260000000000,0.208700000000
1496331328,2404.770000000000,0.156500000000
1496331329,2404.770000000000,0.417500000000
1496331329,2404.770000000000,0.052100000000
1496331329,2404.770000000000,0.151600000000
1496331330,2408.270000000000,0.242600000000
1496331330,2404.770000000000,0.012400000000
1496331330,2404.770000000000,0.040600000000
1496331330,2408.260000000000,0.134300000000
1496331331,2404.850000000000,0.417500000000
1496331331,2408.270000000000,0.104300000000
1496331331,2408.270000000000,0.260900000000
1496331331,2404.850000000000,0.260900000000
1496331332,2408.600000000000,0.417500000000
1496331332,2408.600000000000,0.172900000000
1496331332,2404.850000000000,0.417500000000
1496331332,2404.850000000000,0.211600000000
1496331333,2404.870000000000,0.417500000000
1496331405,2401.170000000000,0.014000000000
1496331413,2400.000000000000,1.470500000000
1496331414,2400.000000000000,0.595600000000
1496331414,2400.000000000000,1.242200000000
1496331415,2400.000000000000,0.424100000000
1496331415,2400.000000000000,1.267600000000
1496331416,2398.030000000000,0.343700000000
1496331416,2401.340000000000,0.073800000000
1496331416,2398.030000000000,0.417500000000
1496331417,2403.020000000000,0.260900000000
1496331417,2403.020000000000,0.391400000000
1496331419,2397.460000000000,0.104300000000
1496331419,2397.460000000000,0.104300000000
1496331419,2397.460000000000,0.107700000000
1496331419,2397.460000000000,0.417500000000
1496331420,2401.060000000000,0.406500000000
1496331420,2397.460000000000,0.015300000000
1496331420,2397.460000000000,0.194300000000
1496331420,2401.060000000000,0.171000000000
1496331421,2397.450000000000,0.076100000000
1496331421,2397.450000000000,0.010100000000
1496331422,2397.450000000000,0.050300000000
1496331422,2397.450000000000,0.011800000000
1496331423,2397.450000000000,0.122000000000
1496331461,2399.040000000000,0.010000000000
1496331497,2398.910000000000,0.022500000000
1496331509,2398.910000000000,0.026100000000
1496331542,2398.910000000000,0.061100000000
1496331706,2405.750000000000,0.018100000000
1496331731,2405.750000000000,0.004800000000
1496331788,2398.890000000000,0.014000000000
1496331790,2395.000000000000,0.416400000000
1496331809,2395.000000000000,0.114100000000
1496331810,2395.000000000000,0.456300000000
1496331810,2395.000000000000,0.211100000000
1496331811,2395.000000000000,0.773800000000
1496331812,2395.000000000000,0.962400000000
1496331813,2395.000000000000,0.904300000000
1496331813,2395.000000000000,0.205800000000
1496331813,2395.000000000000,0.042000000000
1496331814,2395.000000000000,0.082100000000
1496331814,2395.000000000000,0.308900000000
1496331815,2395.000000000000,0.390200000000
1496331815,2395.000000000000,0.778500000000
1496331816,2395.000000000000,0.004600000000
1496331818,2395.000000000000,0.390100000000
1496331820,2395.000000000000,0.618100000000
1496331822,2395.000000000000,0.312400000000
1496331823,2395.000000000000,0.227800000000
1496331823,2395.000000000000,0.194700000000
1496331824,2395.000000000000,0.658300000000
1496331824,2395.000000000000,0.096400000000
1496331825,2395.000000000000,0.312500000000
1496331826,2395.000000000000,0.123000000000
1496331826,2395.000000000000,0.562500000000
1496331827,2395.000000000000,0.453500000000
1496331835,2395.000000000000,0.012800000000
1496331839,2400.310000000000,0.581500000000
1496331839,2395.000000000000,0.373400000000
1496331839,2396.730000000000,0.045100000000
1496331843,2396.840000000000,0.018400000000
1496331851,2397.510000000000,0.239000000000
1496331852,2397.510000000000,1.267200000000
1496331853,2397.510000000000,1.333900000000
1496331853,2397.510000000000,0.677400000000
1496331853,2397.510000000000,1.467800000000
1496331871,2397.600000000000,0.016300000000
1496331874,2395.850000000000,7.300000000000
1496331874,2395.840000000000,0.210000000000
1496331874,2395.840000000000,0.905200000000
1496331875,2392.310000000000,1.168400000000
1496331875,2394.760000000000,0.416400000000
1496331955,2397.550000000000,0.007400000000
1496331981,2397.700000000000,0.022100000000
1496332017,2397.830000000000,0.771000000000
1496332020,2397.840000000000,0.229000000000
1496332050,2398.000000000000,0.086000000000
1496332050,2398.010000000000,0.100000000000
1496332050,2398.000000000000,0.211000000000
1496332051,2398.000000000000,0.085000000000
1496332051,2398.000000000000,0.253000000000
1496332051,2398.000000000000,0.083000000000
1496332052,2395.000000000000,0.172900000000
1496332052,2395.000000000000,0.562100000000
1496332052,2396.000000000000,0.860200000000
1496332052,2398.000000000000,0.049000000000
1496332052,2395.000000000000,0.314200000000
1496332054,2395.000000000000,0.471300000000
1496332054,2395.000000000000,0.114500000000
1496332055,2395.000000000000,0.757200000000
1496332056,2395.000000000000,0.899200000000
1496332056,2395.000000000000,0.432900000000
1496332056,2395.000000000000,0.630800000000
1496332078,2395.000000000000,0.011800000000
1496332150,2388.770000000000,0.208000000000
1496332150,2388.780000000000,2.490000000000
1496332150,2388.770000000000,0.208000000000
1496332151,2388.770000000000,0.208000000000
1496332151,2388.770000000000,0.208000000000
1496332151,2388.770000000000,0.208000000000
1496332152,2388.770000000000,0.208000000000
1496332152,2388.770000000000,0.235000000000
1496332152,2388.770000000000,0.208000000000
1496332152,2388.770000000000,0.208000000000
1496332153,2388.770000000000,0.086000000000
1496332153,2388.770000000000,0.208000000000
1496332153,2388.770000000000,0.208000000000
1496332154,2388.770000000000,0.208000000000
1496332154,2388.770000000000,0.084000000000
1496332154,2388.770000000000,0.208000000000
1496332155,2388.770000000000,0.208000000000
1496332155,2388.770000000000,0.208000000000
1496332155,2388.770000000000,0.085000000000
1496332156,2388.770000000000,0.083000000000
1496332156,2388.770000000000,0.208000000000
1496332156,2388.770000000000,0.208000000000
1496332156,2388.770000000000,0.208000000000
1496332157,2388.770000000000,0.254000000000
1496332159,2388.000000000000,2.330000000000
1496332160,2388.000000000000,0.817000000000
1496332161,2388.790000000000,0.208000000000
1496332161,2388.790000000000,0.208000000000
1496332162,2388.790000000000,0.208000000000
1496332162,2388.790000000000,0.208000000000
1496332212,2394.670000000000,0.147200000000
1496332219,2394.670000000000,0.012500000000
1496332249,2393.560000000000,1.260600000000
1496332249,2393.560000000000,0.208000000000
1496332249,2393.560000000000,0.208000000000
1496332250,2393.560000000000,0.087400000000
1496332250,2393.560000000000,0.208000000000
1496332275,2392.130000000000,0.211000000000
1496332275,2392.130000000000,0.091500000000
1496332275,2393.560000000000,0.005300000000
1496332275,2392.130000000000,0.210000000000
1496332276,2392.130000000000,0.211000000000
1496332276,2392.130000000000,0.116400000000
1496332276,2392.130000000000,0.195600000000
1496332276,2392.130000000000,0.118500000000
1496332286,2389.000000000000,0.098500000000
1496332286,2389.000000000000,0.901500000000
1496332299,2388.000000000000,0.016000000000
1496332299,2388.000000000000,0.014000000000
1496332312,2383.270000000000,0.315900000000
1496332312,2383.610000000000,0.179000000000
1496332312,2383.610000000000,0.212000000000
1496332313,2384.250000000000,0.008100000000
1496332324,2384.270000000000,0.015400000000
1496332333,2384.270000000000,0.042900000000
1496332364,2383.850000000000,0.138300000000
1496332364,2383.850000000000,0.010700000000
1496332366,2384.780000000000,0.115000000000
1496332366,2384.780000000000,0.208000000000
1496332381,2387.400000000000,0.007400000000
1496332400,2387.400000000000,0.006000000000
1496332444,2389.000000000000,0.064800000000
1496332483,2387.400000000000,0.083000000000
1496332483,2387.400000000000,0.023500000000
1496332483,2387.400000000000,0.188500000000
1496332483,2387.410000000000,0.400000000000
1496332483,2387.400000000000,0.085000000000
1496332483,2387.400000000000,0.086000000000
1496332484,2387.400000000000,0.084000000000
1496332484,2387.400000000000,0.211000000000
1496332484,2387.400000000000,0.254000000000
1496332510,2387.120000000000,0.014000000000
1496332511,2387.120000000000,0.012900000000
1496332514,2387.120000000000,0.014000000000
1496332519,2387.120000000000,0.014000000000
1496332594,2386.350000000000,0.007400000000
1496332604,2389.530000000000,0.011100000000
1496332730,2386.860000000000,0.013000000000
1496332779,2386.870000000000,0.014000000000
1496332784,2386.870000000000,0.014000000000
1496332789,2386.740000000000,0.014000000000
1496332794,2386.740000000000,0.014000000000
1496332799,2386.740000000000,0.014000000000
1496332804,2386.740000000000,0.014000000000
1496332809,2386.740000000000,0.014000000000
1496332811,2386.740000000000,0.011100000000
1496332814,2386.740000000000,0.015000000000
1496332826,2387.020000000000,0.014000000000
1496332831,2386.990000000000,0.014000000000
1496332836,2386.990000000000,0.011000000000
1496332862,2386.740000000000,0.085000000000
1496332862,2386.740000000000,0.015000000000
1496332862,2386.740000000000,0.213000000000
1496332862,2386.740000000000,0.061000000000
1496332862,2386.740000000000,0.083000000000
1496332863,2386.740000000000,0.007900000000
1496332863,2386.740000000000,0.086000000000
1496332863,2386.740000000000,0.212000000000
1496332863,2386.740000000000,0.254000000000
1496332863,2386.740000000000,0.076100000000
1496332878,2387.440000000000,0.036900000000
1496332890,2386.000000000000,0.647600000000
1496332890,2386.000000000000,0.352400000000
1496332895,2385.250000000000,0.168000000000
1496332906,2384.950000000000,0.015500000000
1496332919,2384.950000000000,0.003500000000
1496332935,2384.420000000000,0.068600000000
1496333069,2386.520000000000,0.012900000000
1496333104,2387.110000000000,1.109200000000
1496333104,2390.740000000000,0.080700000000
1496333114,2387.820000000000,0.007400000000
1496333174,2387.220000000000,0.166100000000
1496333197,2387.250000000000,0.029900000000
1496333262,2386.760000000000,0.036900000000
1496333274,2386.260000000000,0.014000000000
1496333313,2387.500000000000,0.073800000000
1496333316,2384.720000000000,0.417200000000
1496333316,2386.030000000000,0.085000000000
1496333316,2386.030000000000,0.083000000000
1496333316,2386.030000000000,0.086000000000
1496333316,2386.030000000000,0.253000000000
1496333328,2384.720000000000,0.212000000000
1496333328,2384.720000000000,0.211000000000
1496333329,2384.720000000000,0.214000000000
1496333330,2384.720000000000,0.211000000000
1496333330,2384.720000000000,0.312000000000
1496333332,2384.280000000000,0.087100000000
1496333332,2385.650000000000,0.123900000000
1496333335,2381.750000000000,0.040000000000
1496333335,2380.810000000000,0.423000000000
1496333335,2368.110000000000,0.029400000000
1496333335,2382.790000000000,0.208000000000
1496333335,2380.810000000000,2.072000000000
1496333336,2368.520000000000,0.235000000000
1496333336,2371.760000000000,0.178600000000
1496333337,2368.160000000000,0.040000000000
1496333338,2368.280000000000,0.166000000000
1496333339,2368.280000000000,0.032000000000
1496333343,2372.240000000000,2.370300000000
1496333343,2368.660000000000,0.040100000000
1496333344,2368.260000000000,0.021000000000
1496333345,2368.260000000000,0.484000000000
1496333345,2368.260000000000,0.003500000000
1496333347,2368.260000000000,0.166000000000
1496333349,2368.260000000000,0.010000000000
1496333432,2372.380000000000,0.395900000000
1496333433,2373.980000000000,0.166000000000
1496333451,2371.490000000000,0.040000000000
1496333451,2372.050000000000,0.023000000000
1496333453,2371.330000000000,0.166000000000
1496333517,2366.400000000000,0.040000000000
1496333554,2359.360000000000,0.040000000000
1496333575,2354.400000000000,0.167000000000
1496333599,2353.510000000000,0.167000000000
1496333676,2353.300000000000,0.129100000000
1496333676,2353.300000000000,0.210000000000
1496333676,2353.300000000000,0.210000000000
1496333676,2353.300000000000,0.080900000000
1496333677,2353.300000000000,0.060200000000
1496333677,2353.300000000000,0.210000000000
1496333677,2353.300000000000,0.210000000000
1496333677,2353.300000000000,0.210000000000
1496333677,2353.300000000000,0.149800000000
1496333678,2353.300000000000,0.210000000000
1496333678,2353.300000000000,0.210000000000
1496333763,2363.370000000000,0.122200000000
1496333763,2363.370000000000,0.209000000000
1496333763,2363.370000000000,0.209000000000
1496333764,2363.370000000000,0.209000000000
1496333764,2363.370000000000,0.086800000000
1496333764,2363.370000000000,0.209000000000
1496333764,2363.370000000000,0.031700000000
1496333765,2363.370000000000,0.209000000000
1496333765,2363.370000000000,0.177300000000
1496333765,2363.370000000000,0.209000000000
1496333794,2365.240000000000,0.209000000000
1496333794,2365.240000000000,0.209000000000
1496333904,2369.930000000000,0.418900000000
1496333933,2369.010000000000,0.018100000000
1496333933,2369.200000000000,1.100000000000
1496333934,2369.010000000000,0.003100000000
1496333935,2369.010000000000,0.962800000000
1496333935,2369.010000000000,0.325400000000
1496333935,2369.010000000000,1.319200000000
1496333935,2369.010000000000,1.321000000000
1496333936,2369.010000000000,1.078500000000
1496333936,2369.010000000000,0.679200000000
1496333936,2369.010000000000,0.392700000000
1496333936,2369.000000000000,0.142900000000
1496333936,2369.000000000000,0.588800000000
1496333937,2369.000000000000,0.498300000000
1496333937,2369.000000000000,0.770000000000
1496333939,2368.970000000000,0.090000000000
1496333958,2369.210000000000,0.160000000000
1496333958,2369.210000000000,0.202000000000
1496334049,2375.310000000000,0.100000000000
1496334049,2372.310000000000,0.379900000000
1496334049,2375.840000000000,0.875500000000
1496334052,2372.360000000000,0.002800000000
1496334185,2375.000000000000,1.044800000000
1496334185,2375.000000000000,1.175000000000
1496334185,2375.000000000000,0.249500000000
1496334185,2372.180000000000,0.717800000000
1496334186,2375.000000000000,1.301300000000
1496334186,2375.000000000000,0.064400000000
1496334186,2375.000000000000,0.625400000000
1496334186,2375.000000000000,0.834400000000
1496334187,2375.000000000000,0.366900000000
1496334187,2375.000000000000,0.243300000000
1496334187,2375.000000000000,0.843300000000
1496334187,2375.000000000000,1.010600000000
1496334188,2375.000000000000,1.092200000000
1496334188,2375.000000000000,0.812400000000
1496334188,2375.000000000000,0.828600000000
1496334189,2375.000000000000,1.345000000000
1496334190,2375.000000000000,1.215200000000
1496334190,2375.000000000000,1.073800000000
1496334190,2375.000000000000,0.764900000000
1496334193,2375.000000000000,0.283100000000
1496334194,2375.000000000000,1.138300000000
1496334194,2375.000000000000,1.180700000000
1496334199,2375.000000000000,0.471600000000
1496334199,2375.000000000000,1.317500000000
1496334520,2368.690000000000,0.040000000000
1496334522,2367.880000000000,0.040000000000
1496334590,2364.540000000000,0.151600000000
1496334590,2363.820000000000,0.208000000000
1496334590,2364.540000000000,0.208000000000
1496334590,2364.540000000000,0.208000000000
1496334590,2364.540000000000,0.208000000000
1496334590,2364.540000000000,0.124000000000
1496334591,2364.540000000000,0.056400000000
1496334592,2364.900000000000,0.153100000000
1496334592,2363.820000000000,0.054900000000
1496334592,2364.900000000000,0.209000000000
1496334747,2369.660000000000,0.014900000000
1496334798,2368.300000000000,0.603000000000
1496335055,2368.670000000000,0.003900000000
1496335074,2368.240000000000,0.040000000000
1496335074,2368.100000000000,0.021600000000
1496335075,2371.690000000000,1.140000000000
1496335080,2368.100000000000,0.192400000000
1496335080,2368.100000000000,0.180000000000
1496335080,2368.100000000000,0.215000000000
1496335080,2368.100000000000,0.073600000000
1496335080,2368.100000000000,0.139400000000
1496335081,2368.100000000000,0.220000000000
1496335081,2368.100000000000,0.319000000000
1496335081,2367.230000000000,0.008600000000
1496335094,2361.670000000000,0.210000000000
1496335094,2361.670000000000,0.196000000000
1496335098,2361.670000000000,0.207000000000
1496335150,2359.390000000000,0.932200000000
1496335150,2362.790000000000,0.992500000000
1496335287,2360.200000000000,1.454100000000
1496335287,2356.630000000000,0.545900000000
1496335343,2359.170000000000,1.738000000000
1496335343,2355.500000000000,0.093600000000
1496335391,2356.650000000000,1.890200000000
1496335391,2353.090000000000,0.109800000000
1496335406,2358.630000000000,0.345400000000
1496335406,2354.990000000000,1.000000000000
1496335406,2355.400000000000,0.654600000000
1496335454,2355.450000000000,1.153100000000
1496335470,2361.230000000000,0.284400000000
1496335470,2357.690000000000,0.888700000000
1496335493,2355.790000000000,0.100000000000
1496335532,2359.150000000000,1.627600000000
1496335532,2355.660000000000,0.372400000000
1496335632,2359.360000000000,0.800400000000
1496335632,2355.730000000000,1.199600000000
1496335649,2356.040000000000,0.507200000000
1496335649,2359.580000000000,1.492800000000
1496335677,2357.830000000000,1.336800000000
1496335677,2354.420000000000,0.663200000000
1496335690,2354.480000000000,0.178200000000
1496335690,2357.840000000000,1.821800000000
1496335724,2353.000000000000,0.223600000000
1496335724,2353.000000000000,0.276400000000
1496335724,2353.000000000000,0.247400000000
1496335724,2353.000000000000,0.500000000000
1496335725,2353.000000000000,0.500000000000
1496335725,2353.000000000000,0.175200000000
1496335725,2353.000000000000,0.324800000000
1496335725,2353.000000000000,0.252600000000
1496335725,2353.000000000000,0.500000000000
1496335726,2353.000000000000,0.500000000000
1496335726,2353.000000000000,0.500000000000
1496335726,2353.000000000000,0.500000000000
1496335726,2353.000000000000,0.500000000000
1496335727,2350.000000000000,0.200000000000
1496335727,2350.280000000000,0.001000000000
1496335742,2348.340000000000,0.211000000000
1496335742,2348.340000000000,0.211000000000
1496335742,2348.340000000000,0.211000000000
1496335742,2348.340000000000,0.211000000000
1496335743,2348.450000000000,0.211000000000
1496335743,2348.450000000000,0.140200000000
1496335743,2348.450000000000,0.070800000000
1496335743,2348.340000000000,0.211000000000
1496335744,2349.470000000000,0.211000000000
1496335744,2349.470000000000,0.130000000000
1496335744,2348.340000000000,0.081000000000
1496335745,2349.470000000000,0.211000000000
1496335746,2351.580000000000,1.267400000000
1496335746,2351.230000000000,0.732600000000
1496335765,2349.430000000000,0.212000000000
1496335765,2350.480000000000,0.858600000000
1496335765,2348.870000000000,0.929400000000
1496335774,2348.820000000000,1.000000000000
1496335778,2346.000000000000,0.010000000000
1496335778,2346.000000000000,0.489700000000
1496335781,2343.490000000000,1.000000000000
1496335782,2342.740000000000,0.170600000000
1496335782,2346.200000000000,1.829400000000
1496335803,2345.740000000000,0.212000000000
1496335803,2345.740000000000,0.213000000000
1496335803,2345.740000000000,0.212000000000
1496335804,2345.740000000000,0.212000000000
1496335804,2345.740000000000,0.212000000000
1496335804,2345.740000000000,0.212000000000
1496335805,2347.070000000000,0.200000000000
1496335805,2345.740000000000,0.212000000000
1496335805,2345.740000000000,0.212000000000
1496335806,2350.570000000000,0.103000000000
1496335828,2345.700000000000,0.198400000000
1496335849,2345.600000000000,0.073900000000
1496335850,2345.780000000000,0.212000000000
1496335850,2345.170000000000,0.138100000000
1496335870,2346.540000000000,0.213000000000
1496335870,2345.770000000000,0.850000000000
1496335870,2346.300000000000,0.213000000000
1496335871,2346.540000000000,0.213000000000
1496335871,2346.540000000000,0.213000000000
1496335871,2346.540000000000,0.213000000000
1496335871,2346.540000000000,0.085000000000
1496335890,2345.940000000000,0.213000000000
1496335890,2345.940000000000,0.213000000000
1496335890,2345.940000000000,1.239200000000
1496335891,2349.420000000000,0.205800000000
1496335891,2345.940000000000,0.129000000000
1496335906,2349.420000000000,0.915600000000
1496335906,2345.970000000000,1.084400000000
1496335960,2349.540000000000,0.614900000000
1496335960,2353.230000000000,1.385100000000
1496335990,2349.030000000000,0.738800000000
1496336114,2355.170000000000,1.740900000000
1496336114,2351.680000000000,0.172400000000
1496336355,2354.510000000000,0.214000000000
1496336355,2354.510000000000,0.066000000000
1496336369,2354.760000000000,0.214000000000
1496336369,2352.730000000000,0.213000000000
1496336370,2354.760000000000,0.108200000000
1496336371,2354.650000000000,0.213000000000
1496336371,2352.730000000000,0.104800000000
1496336394,2356.090000000000,0.213000000000
1496336394,2356.090000000000,0.212000000000
1496336394,2356.090000000000,0.213000000000
1496336394,2356.090000000000,0.062400000000
1496336399,2356.090000000000,0.199500000000
1496336399,2356.090000000000,0.150600000000
1496336399,2356.090000000000,0.213000000000
1496336400,2356.090000000000,0.012500000000
1496336415,2357.740000000000,0.500000000000
1496336470,2355.950000000000,0.186000000000
1496336470,2355.950000000000,0.214000000000
1496336495,2354.330000000000,0.214000000000
1496336496,2354.230000000000,0.140800000000
1496336496,2354.380000000000,0.214000000000
1496336496,2354.330000000000,0.073200000000
1496336524,2350.870000000000,0.455000000000
1496336539,2348.890000000000,0.213000000000
1496336539,2348.890000000000,0.213000000000
1496336539,2348.890000000000,0.214000000000
1496336539,2348.890000000000,0.195100000000
1496336539,2348.890000000000,0.214000000000
1496336540,2348.890000000000,0.017900000000
1496336540,2348.890000000000,0.214000000000
1496336541,2349.720000000000,0.214000000000
1496336544,2348.890000000000,0.006100000000
1496336544,2349.720000000000,0.207900000000
1496336566,2347.000000000000,0.700000000000
1496336571,2346.580000000000,0.214000000000
1496336651,2347.870000000000,0.141300000000
1496336651,2347.870000000000,0.214000000000
1496336652,2348.010000000000,0.295600000000
1496336652,2348.010000000000,1.092200000000
1496336652,2347.870000000000,0.072700000000
1496336652,2347.870000000000,0.213000000000
1496336653,2348.010000000000,0.017100000000
1496336653,2347.870000000000,0.214000000000
1496336653,2348.020000000000,0.018400000000
1496336654,2348.020000000000,0.215000000000
1496336654,2348.020000000000,0.194600000000
1496336656,2349.460000000000,0.165600000000
1496336656,2349.460000000000,0.215000000000
1496336656,2347.870000000000,0.048400000000
1496336657,2351.160000000000,0.116100000000
1496336658,2351.160000000000,0.098900000000
1496336663,2351.370000000000,0.087000000000
1496336672,2350.050000000000,0.181000000000
1496336709,2351.510000000000,0.641000000000
1496336710,2351.510000000000,0.032800000000
1496336710,2351.510000000000,0.357600000000
1496336710,2351.510000000000,0.001400000000
1496336711,2351.510000000000,0.213000000000
1496336711,2351.510000000000,0.213000000000
1496336711,2351.510000000000,0.042900000000
1496336711,2351.510000000000,0.137300000000
1496336712,2351.510000000000,0.214000000000
1496336712,2351.240000000000,0.049600000000
1496336739,2351.510000000000,0.163400000000
1496336739,2351.510000000000,0.212000000000
1496336739,2351.510000000000,0.005900000000
1496336739,2351.510000000000,0.213000000000
1496336758,2351.520000000000,0.143500000000
1496336766,2351.510000000000,0.206100000000
1496336781,2349.000000000000,0.009400000000
1496336807,2349.000000000000,0.499600000000
1496336808,2349.000000000000,0.491000000000
1496336831,2344.120000000000,0.677100000000
1496336846,2343.130000000000,0.625800000000
1496336850,2343.220000000000,0.622800000000
1496336850,2343.570000000000,0.450200000000
1496336853,2339.940000000000,0.218600000000
1496336853,2339.940000000000,0.739200000000
1496336853,2339.940000000000,1.276300000000
1496336854,2339.940000000000,0.157900000000
1496336855,2339.940000000000,0.214200000000
1496336855,2342.870000000000,2.554000000000
1496336855,2339.940000000000,0.432700000000
1496336858,2340.010000000000,0.070100000000
1496336862,2340.010000000000,1.060500000000
1496336862,2340.010000000000,0.215000000000
1496336862,2340.010000000000,0.215000000000
1496336869,2340.010000000000,0.213000000000
1496336869,2340.010000000000,0.215000000000
1496336869,2340.000000000000,0.215000000000
1496336869,2340.010000000000,0.070000000000
1496336869,2340.010000000000,0.044300000000
1496336870,2340.010000000000,0.147900000000
1496336870,2340.010000000000,0.065100000000
1496336870,2340.000000000000,0.214000000000
1496336870,2340.000000000000,0.214000000000
1496336870,2340.010000000000,0.169700000000
1496336871,2340.030000000000,0.162400000000
1496336879,2341.780000000000,0.073700000000
1496336895,2341.780000000000,0.215000000000
1496336895,2341.860000000000,0.042400000000
1496336911,2341.640000000000,0.178400000000
1496336981,2330.550000000000,0.092800000000
1496337001,2323.810000000000,0.169000000000
1496337031,2323.810000000000,0.143000000000
1496337055,2326.950000000000,0.106000000000
1496337058,2324.600000000000,0.214000000000
1496337058,2324.600000000000,0.085100000000
1496337058,2324.600000000000,0.214000000000
1496337058,2324.600000000000,0.215000000000
1496337059,2324.600000000000,0.126900000000
1496337089,2326.840000000000,0.195400000000
1496337089,2326.840000000000,0.213000000000
1496337089,2326.840000000000,0.018600000000
1496337228,2324.560000000000,0.879100000000
1496337228,2323.520000000000,0.100000000000
1496337240,2326.790000000000,0.003700000000
1496337240,2326.790000000000,1.020900000000
1496337241,2326.790000000000,0.210300000000
1496337241,2326.790000000000,0.149500000000
1496337241,2326.790000000000,0.021000000000
1496337241,2326.790000000000,0.065500000000
1496337241,2326.790000000000,0.214000000000
1496337242,2326.790000000000,0.214000000000
1496337242,2326.790000000000,0.149900000000
1496337242,2326.790000000000,0.064100000000
1496337242,2326.790000000000,0.216000000000
1496337242,2326.790000000000,0.194000000000
1496337245,2326.610000000000,0.212000000000
1496337246,2326.610000000000,0.119300000000
1496337258,2326.790000000000,0.000600000000
1496337263,2326.800000000000,1.144700000000
1496337309,2336.050000000000,0.559900000000
1496337309,2339.490000000000,0.173700000000
1496337341,2337.340000000000,0.216000000000
1496337341,2337.340000000000,0.007400000000
1496337342,2337.340000000000,0.206600000000
1496337342,2337.340000000000,0.215000000000
1496337342,2337.340000000000,0.215000000000
1496337342,2337.340000000000,0.104800000000
1496337342,2337.340000000000,0.215000000000
1496337343,2337.340000000000,0.214000000000
1496337343,2337.340000000000,0.110200000000
1496337343,2337.340000000000,0.216000000000
1496337356,2343.970000000000,0.227600000000
1496337356,2340.380000000000,0.772400000000
1496337356,2338.640000000000,0.000700000000
1496337369,2340.330000000000,0.169000000000
1496337382,2340.330000000000,0.002300000000
1496337415,2340.930000000000,0.213000000000
1496337415,2340.970000000000,0.212000000000
1496337516,2343.000000000000,0.206300000000
1496337516,2346.420000000000,0.793700000000
1496337588,2342.910000000000,0.215000000000
1496337588,2342.910000000000,0.213000000000
1496337589,2342.590000000000,0.161700000000
1496337589,2339.220000000000,0.050300000000
1496337661,2343.460000000000,0.005100000000
1496337672,2343.350000000000,0.206300000000
1496337672,2346.890000000000,0.793700000000
1496337792,2341.430000000000,0.027000000000
1496337794,2341.410000000000,0.026000000000
1496337801,2340.990000000000,1.000000000000
1496337834,2342.200000000000,0.517200000000
1496337834,2339.700000000000,0.482800000000
1496338074,2344.360000000000,0.000700000000
1496338197,2344.470000000000,0.000300000000
1496338285,2350.960000000000,0.003300000000
1496338338,2352.690000000000,0.142200000000
1496338338,2352.690000000000,0.215000000000
1496338338,2352.690000000000,0.215000000000
1496338338,2352.690000000000,0.070800000000
1496338514,2355.110000000000,0.030000000000
1496338540,2355.110000000000,0.231900000000
1496338541,2355.110000000000,0.216000000000
1496338541,2355.110000000000,0.256100000000
1496338541,2355.110000000000,0.187800000000
1496338542,2355.110000000000,0.026200000000
1496338542,2355.110000000000,0.117600000000
1496338550,2355.110000000000,0.216000000000
1496338550,2355.110000000000,0.010700000000
1496338550,2355.110000000000,0.216000000000
1496338550,2355.110000000000,0.098400000000
1496338551,2355.110000000000,0.215000000000
1496338551,2355.110000000000,0.204300000000
1496338553,2355.120000000000,0.001100000000
1496338818,2361.140000000000,0.045000000000
1496338882,2359.140000000000,0.004100000000
1496338885,2359.140000000000,0.002400000000
1496338885,2359.140000000000,0.004600000000
1496338942,2359.140000000000,0.001500000000
1496339065,2359.450000000000,0.165200000000
1496339065,2359.450000000000,0.215000000000
1496339066,2359.450000000000,0.215000000000
1496339066,2359.450000000000,0.214000000000
1496339066,2359.450000000000,0.213000000000
1496339066,2359.450000000000,0.214000000000
1496339066,2359.450000000000,0.050800000000
1496339067,2359.450000000000,0.053000000000
1496339067,2359.450000000000,0.054500000000
1496339067,2359.450000000000,0.029400000000
1496339067,2359.450000000000,0.129600000000
1496339067,2359.450000000000,0.161500000000
1496339067,2359.450000000000,0.216000000000
1496339068,2359.450000000000,0.216000000000
1496339140,2364.430000000000,0.805700000000
1496339140,2364.430000000000,0.571000000000
1496339148,2363.790000000000,0.200000000000
1496339282,2365.420000000000,0.000100000000
1496339555,2370.920000000000,0.001000000000
1496339555,2371.200000000000,0.005400000000
1496339661,2369.150000000000,0.099200000000
1496339662,2369.150000000000,0.500800000000
1496339693,2365.770000000000,0.374100000000
1496339694,2365.770000000000,0.448400000000
1496339694,2365.770000000000,1.140400000000
1496339716,2365.400000000000,0.030000000000
1496339716,2365.400000000000,0.754400000000
1496339716,2365.400000000000,0.779800000000
1496339716,2365.400000000000,0.976800000000
1496339751,2367.740000000000,0.446000000000
1496339925,2367.310000000000,0.174300000000
1496339926,2367.310000000000,0.215000000000
1496339926,2367.310000000000,0.037700000000
1496339926,2367.310000000000,0.202700000000
1496339926,2367.310000000000,0.213000000000
1496339926,2367.310000000000,0.012300000000
1496339926,2367.310000000000,0.215000000000
1496340023,2371.230000000000,0.000100000000
1496340026,2371.600000000000,1.109100000000
1496340027,2372.000000000000,0.819900000000
1496340027,2372.000000000000,0.923400000000
1496340028,2372.000000000000,0.693800000000
1496340161,2372.100000000000,0.015000000000
1496340161,2372.010000000000,0.798000000000
1496340162,2372.010000000000,1.110900000000
1496340162,2372.010000000000,0.035100000000
1496340225,2372.280000000000,1.118800000000
1496340226,2372.280000000000,0.853800000000
1496340226,2372.280000000000,0.747200000000
1496340260,2372.290000000000,0.047300000000
1496340323,2372.280000000000,1.066600000000
1496340323,2372.280000000000,0.090700000000
1496340324,2372.280000000000,0.089000000000
1496340324,2372.280000000000,0.233900000000
1496340324,2372.280000000000,0.788600000000
1496340324,2372.280000000000,0.736400000000
1496340363,2372.280000000000,0.626000000000
1496340364,2372.280000000000,0.952000000000
1496340364,2372.280000000000,0.188800000000
1496340365,2372.280000000000,0.292200000000
1496340365,2372.280000000000,0.496400000000
1496340365,2372.280000000000,0.937100000000
1496340366,2372.000000000000,0.558200000000
1496340366,2372.280000000000,1.212000000000
1496340366,2372.280000000000,0.080500000000
1496340366,2372.000000000000,0.657600000000
1496340366,2372.000000000000,0.103100000000
1496340367,2372.000000000000,0.134900000000
1496340412,2371.370000000000,0.017000000000
1496340568,2370.940000000000,1.224300000000
1496340569,2370.940000000000,0.970500000000
1496340569,2370.940000000000,0.336200000000
1496340569,2370.940000000000,0.210600000000
1496340569,2370.940000000000,0.212000000000
1496340586,2370.940000000000,0.216000000000
1496340586,2370.940000000000,0.215000000000
1496340586,2370.940000000000,0.215000000000
1496340586,2370.940000000000,0.163000000000
1496340586,2370.940000000000,0.001400000000
1496340587,2370.940000000000,0.081600000000
1496340771,2360.000000000000,0.000200000000
1496340782,2370.940000000000,0.011700000000
1496340996,2370.860000000000,0.005300000000
1496341092,2370.820000000000,0.029800000000
1496341110,2370.820000000000,0.071800000000
1496341115,2370.810000000000,0.002800000000
1496341137,2370.810000000000,0.008900000000
1496341228,2370.810000000000,0.011200000000
1496341232,2370.810000000000,0.071800000000
1496341236,2370.810000000000,0.026100000000
1496341273,2370.810000000000,0.013000000000
1496341275,2370.810000000000,0.120000000000
1496341275,2370.810000000000,0.082000000000
1496341276,2371.460000000000,5.745100000000
1496341276,2370.810000000000,0.215000000000
1496341276,2370.810000000000,0.141000000000
1496341399,2380.550000000000,0.038400000000
1496341519,2382.030000000000,0.035600000000
1496341742,2382.700000000000,0.211000000000
1496341821,2383.850000000000,0.020100000000
1496341821,2382.000000000000,0.170000000000
1496342205,2380.000000000000,2.952500000000
1496342210,2380.000000000000,1.128500000000
1496342452,2377.820000000000,2.516000000000
1496342629,2379.380000000000,0.215000000000
1496342911,2370.380000000000,0.213000000000
1496342911,2370.380000000000,0.211000000000
1496342911,2370.380000000000,0.215000000000
1496342911,2370.380000000000,0.215000000000
1496342911,2370.380000000000,0.214000000000
1496342912,2370.380000000000,0.215000000000
1496342912,2370.380000000000,0.212000000000
1496342912,2370.380000000000,0.214000000000
1496342912,2370.380000000000,0.212000000000
1496342912,2370.380000000000,0.211000000000
1496342960,2375.860000000000,2.166300000000
1496342991,2376.120000000000,2.092000000000
1496342992,2376.120000000000,1.495000000000
1496342992,2376.100000000000,0.900000000000
1496343263,2375.300000000000,2.524000000000
1496343263,2376.090000000000,2.342800000000
1496343388,2377.520000000000,0.000100000000
1496343395,2377.520000000000,0.001100000000
1496343468,2376.400000000000,0.211000000000
1496343665,2370.350000000000,0.044700000000
1496343920,2365.360000000000,0.000100000000
1496343946,2365.830000000000,1.975600000000
1496343947,2365.830000000000,0.558400000000
1496343947,2365.830000000000,0.162000000000
1496343947,2365.830000000000,0.091000000000
1496343947,2365.830000000000,0.215000000000
1496343947,2365.830000000000,0.166000000000
1496343948,2365.830000000000,0.212000000000
1496343948,2365.830000000000,0.213000000000
1496343948,2365.830000000000,0.059000000000
1496343948,2365.830000000000,0.211000000000
1496343948,2365.830000000000,0.188000000000
1496343979,2366.930000000000,0.023300000000
1496344216,2371.860000000000,0.155000000000
1496344506,2375.140000000000,0.000200000000
1496344716,2379.010000000000,2.000000000000
1496344752,2380.290000000000,1.000000000000
1496344788,2380.680000000000,2.322800000000
1496344840,2382.650000000000,1.913700000000
1496344846,2382.810000000000,1.000000000000
1496344859,2382.810000000000,1.000000000000
1496344870,2383.110000000000,1.000000000000
1496344959,2381.530000000000,0.000700000000
1496344969,2384.070000000000,1.692400000000
1496344969,2387.710000000000,0.889100000000
1496345119,2385.500000000000,1.175100000000
1496345167,2385.840000000000,0.007400000000
1496345174,2386.000000000000,0.037100000000
1496345186,2386.000000000000,2.000000000000
1496345198,2386.000000000000,0.011200000000
1496345210,2386.000000000000,0.002500000000
1496345306,2386.000000000000,2.000000000000
1496345327,2385.990000000000,1.000000000000
1496345327,2386.000000000000,1.104900000000
1496345405,2385.590000000000,0.017000000000
1496345410,2386.000000000000,0.022300000000
1496345467,2386.000000000000,1.530000000000
1496345528,2385.500000000000,0.013000000000
1496345531,2385.930000000000,0.018600000000
1496345562,2385.060000000000,0.013000000000
1496345628,2385.060000000000,0.018600000000
1496345635,2385.060000000000,0.084400000000
1496345635,2385.360000000000,0.032600000000
1496345648,2385.360000000000,0.029700000000
1496345667,2384.370000000000,0.100000000000
1496345667,2384.370000000000,0.100000000000
1496345667,2384.370000000000,0.100000000000
1496345667,2384.370000000000,0.100000000000
1496345667,2384.370000000000,0.100000000000
1496345667,2384.370000000000,0.100000000000
1496345690,2384.230000000000,0.003500000000
1496345724,2386.000000000000,0.009300000000
1496345728,2386.000000000000,0.016300000000
1496345774,2384.860000000000,0.500000000000
1496345779,2384.830000000000,0.003500000000
1496345780,2386.000000000000,0.018600000000
1496345813,2386.000000000000,0.003500000000
1496345833,2386.000000000000,0.001800000000
1496345889,2386.000000000000,0.003500000000
1496345905,2386.000000000000,0.004600000000
1496345986,2386.000000000000,0.018900000000
1496346048,2386.000000000000,0.019300000000
1496346135,2386.000000000000,0.026000000000
1496346144,2386.000000000000,0.014900000000
1496346209,2386.000000000000,0.007400000000
1496346252,2386.000000000000,2.446900000000
1496346253,2386.000000000000,2.315700000000
1496346253,2386.000000000000,2.549700000000
1496346362,2386.000000000000,2.362000000000
1496346363,2386.000000000000,1.869700000000
1496346363,2386.000000000000,2.953800000000
1496346363,2386.000000000000,1.885400000000
1496346371,2386.000000000000,2.292700000000
1496346379,2386.000000000000,24.472000000000
1496346399,2386.000000000000,50.000000000000
1496346412,2387.610000000000,0.027900000000
1496346501,2387.000000000000,0.037100000000
1496346555,2386.990000000000,0.018500000000
1496346614,2387.000000000000,0.013400000000
1496346621,2387.000000000000,0.014900000000
1496346625,2387.000000000000,0.055700000000
1496346625,2386.250000000000,0.017000000000
1496346703,2387.000000000000,0.057900000000
1496346719,2387.000000000000,0.003500000000
1496346733,2386.230000000000,1.300000000000
1496346761,2386.980000000000,0.037100000000
1496346773,2386.400000000000,0.007400000000
1496346816,2386.720000000000,0.006400000000
1496346823,2386.720000000000,0.044400000000
1496346834,2387.000000000000,0.008500000000
1496346861,2387.000000000000,0.007400000000
1496346873,2387.000000000000,0.074300000000
1496346880,2387.000000000000,0.008200000000
1496346887,2387.000000000000,0.003500000000
1496346894,2387.000000000000,0.046200000000
1496346899,2387.000000000000,0.003500000000
1496346909,2386.340000000000,0.050000000000
1496346965,2387.000000000000,0.022300000000
1496346978,2387.000000000000,0.001100000000
1496346982,2387.000000000000,0.005300000000
1496347002,2387.000000000000,0.006000000000
1496347014,2386.830000000000,0.017000000000
1496347014,2387.000000000000,1.763600000000
1496347015,2387.000000000000,2.377300000000
1496347015,2387.000000000000,2.986800000000
1496347029,2387.000000000000,2.849000000000
1496347052,2387.000000000000,0.011100000000
1496347077,2388.400000000000,0.003500000000
1496347088,2388.400000000000,0.009600000000
1496347095,2388.400000000000,0.037100000000
1496347140,2388.000000000000,0.003200000000
1496347181,2387.330000000000,0.007400000000
1496347258,2387.720000000000,2.439600000000
1496347274,2388.000000000000,0.006100000000
1496347278,2388.000000000000,2.048200000000
1496347279,2388.000000000000,3.105000000000
1496347279,2388.000000000000,1.665500000000
1496347289,2389.560000000000,0.017800000000
1496347306,2389.560000000000,0.008900000000
1496347310,2389.560000000000,0.020400000000
1496347318,2389.650000000000,0.006300000000
1496347351,2389.210000000000,2.721700000000
1496347379,2391.210000000000,0.000400000000
1496347428,2391.980000000000,0.100000000000
1496347428,2392.550000000000,0.184300000000
1496347440,2393.550000000000,0.011100000000
1496347456,2397.990000000000,0.017000000000
1496347494,2397.990000000000,0.147000000000
1496347494,2397.970000000000,0.100000000000
1496347494,2397.930000000000,2.494000000000
1496347532,2400.000000000000,2.000000000000
1496347532,2400.000000000000,0.200000000000
1496347535,2401.400000000000,0.017000000000
1496347552,2401.600000000000,0.017000000000
1496347557,2403.550000000000,0.016700000000
1496347581,2403.550000000000,0.014800000000
1496347659,2403.230000000000,0.206000000000
1496347659,2403.800000000000,0.206000000000
1496347659,2403.800000000000,0.206000000000
1496347659,2403.230000000000,0.206000000000
1496347659,2403.230000000000,0.206000000000
1496347660,2403.230000000000,0.206000000000
1496347660,2403.230000000000,0.207000000000
1496347660,2403.230000000000,0.206000000000
1496347660,2403.230000000000,0.206000000000
1496347677,2405.650000000000,0.003500000000
1496347700,2405.980000000000,0.009200000000
1496347717,2406.050000000000,0.017000000000
1496347740,2409.160000000000,0.110700000000
1496347753,2409.090000000000,0.008500000000
1496347780,2410.530000000000,0.017000000000
1496347851,2414.290000000000,0.010900000000
1496347896,2410.680000000000,0.000200000000
1496347903,2401.310000000000,2.485000000000
1496347904,2399.800000000000,0.207000000000
1496347905,2399.800000000000,0.085000000000
1496347905,2399.800000000000,0.258000000000
1496347906,2399.800000000000,0.207000000000
1496347906,2399.800000000000,0.085000000000
1496347906,2399.800000000000,0.207000000000
1496347939,2403.210000000000,0.085500000000
1496348017,2395.770000000000,2.500000000000
1496348034,2392.170000000000,0.040000000000
1496348043,2390.130000000000,0.007400000000
1496348051,2390.130000000000,0.207000000000
1496348051,2389.930000000000,1.200000000000
1496348051,2390.130000000000,0.207000000000
1496348052,2390.660000000000,0.210000000000
1496348052,2390.660000000000,0.209000000000
1496348052,2390.660000000000,0.121000000000
1496348053,2390.660000000000,0.212000000000
1496348053,2390.660000000000,0.212000000000
1496348053,2391.560000000000,0.479800000000
1496348054,2391.560000000000,2.020200000000
1496348067,2393.000000000000,2.044500000000
1496348067,2395.380000000000,2.183500000000
1496348068,2395.380000000000,0.073900000000
1496348116,2394.470000000000,2.504000000000
1496348154,2394.760000000000,0.500000000000
1496348170,2395.550000000000,2.497000000000
1496348334,2404.540000000000,2.307300000000
1496348457,2404.540000000000,0.078000000000
1496348644,2407.570000000000,2.157100000000
1496348644,2411.160000000000,4.951800000000
1496348650,2411.190000000000,0.005000000000
1496348674,2415.860000000000,4.175900000000
1496348674,2412.340000000000,2.086700000000
1496348695,2417.270000000000,0.041000000000
1496348718,2416.390000000000,2.381400000000
1496348742,2418.100000000000,2.261600000000
1496348743,2418.720000000000,0.020500000000
1496348765,2419.880000000000,0.073600000000
1496348779,2418.460000000000,0.001400000000
1496348779,2418.460000000000,1.870100000000
1496348804,2418.210000000000,1.861400000000
1496348804,2419.890000000000,0.622700000000
1496348862,2420.000000000000,0.022100000000
1496348897,2418.460000000000,2.080400000000
1496348902,2420.000000000000,0.018400000000
1496349304,2407.240000000000,0.036800000000
1496349322,2405.830000000000,0.008800000000
1496349379,2405.070000000000,0.020300000000
1496349391,2404.840000000000,0.011100000000
1496349519,2401.860000000000,0.017400000000
1496349532,2401.860000000000,0.014800000000
1496349544,2399.080000000000,0.021400000000
1496349561,2399.080000000000,2.505000000000
1496349587,2400.150000000000,0.014800000000
1496349799,2406.640000000000,0.108500000000
1496350081,2404.500000000000,0.032600000000
1496350307,2410.580000000000,0.000100000000
1496350436,2410.370000000000,0.014700000000
1496350437,2410.000000000000,5.000000000000
1496350464,2410.370000000000,0.044200000000
1496350498,2410.370000000000,0.090000000000
1496350546,2410.370000000000,0.003500000000
1496350552,2409.400000000000,0.004800000000
1496350580,2411.180000000000,0.017300000000
1496350640,2411.640000000000,0.110500000000
1496350665,2411.530000000000,0.285700000000
1496350665,2411.530000000000,2.202300000000
1496350786,2411.610000000000,0.003900000000
1496350793,2411.610000000000,0.024000000000
1496350834,2413.850000000000,0.015900000000
1496350879,2414.010000000000,0.193000000000
1496351224,2413.720000000000,0.140000000000
1496351274,2413.250000000000,0.004900000000
1496351299,2411.930000000000,0.084900000000
1496351339,2413.350000000000,0.012100000000
1496351351,2413.330000000000,0.001700000000
1496351359,2411.310000000000,2.488000000000
1496351426,2413.190000000000,0.012900000000
1496351437,2413.190000000000,2.224600000000
1496351454,2415.130000000000,0.000700000000
1496351706,2413.940000000000,0.500000000000
1496351722,2414.770000000000,0.010900000000
1496351724,2414.770000000000,1.240000000000
1496351732,2413.940000000000,1.977700000000
1496351732,2413.940000000000,3.064200000000
1496351733,2413.940000000000,2.065000000000
1496351762,2414.310000000000,0.017000000000
1496351815,2413.940000000000,2.065700000000
1496351822,2414.120000000000,0.005300000000
1496351827,2413.940000000000,0.327400000000
1496351827,2413.940000000000,2.622000000000
1496351827,2413.940000000000,0.378000000000
1496351832,2413.250000000000,0.036900000000
1496351858,2414.320000000000,0.016600000000
1496351950,2411.010000000000,0.025800000000
1496351962,2411.020000000000,0.066400000000
1496351969,2410.750000000000,0.014700000000
1496351985,2409.360000000000,2.334500000000
1496351985,2410.020000000000,3.325200000000
1496351986,2409.360000000000,0.938900000000
1496351986,2409.360000000000,3.401400000000
1496352018,2408.330000000000,0.014700000000
1496352053,2408.320000000000,0.007400000000
1496352085,2408.320000000000,0.016300000000
1496352092,2408.350000000000,2.570000000000
1496352092,2408.360000000000,7.430000000000
1496352092,2407.360000000000,10.000000000000
1496352102,2408.360000000000,0.003500000000
1496352117,2408.360000000000,0.007400000000
1496352131,2408.360000000000,0.022200000000
1496352135,2408.360000000000,2.380600000000
1496352135,2408.360000000000,0.156300000000
1496352158,2408.400000000000,2.256200000000
1496352165,2408.360000000000,0.051800000000
1496352173,2408.360000000000,7.692000000000
1496352225,2409.360000000000,0.011100000000
1496352238,2409.360000000000,2.348600000000
1496352250,2409.360000000000,0.110900000000
1496352257,2409.360000000000,0.004600000000
1496352272,2409.360000000000,0.014800000000
1496352294,2409.360000000000,7.000000000000
1496352296,2409.360000000000,0.007400000000
1496352355,2409.360000000000,0.502600000000
1496352381,2412.020000000000,0.003500000000
1496352418,2412.540000000000,2.487000000000
1496352418,2412.400000000000,2.448700000000
1496352419,2411.360000000000,2.694900000000
1496352419,2411.360000000000,0.074600000000
1496352419,2411.360000000000,2.294800000000
1496352435,2411.500000000000,0.011100000000
1496352451,2411.360000000000,2.086600000000
1496352451,2411.380000000000,2.488000000000
1496352451,2412.000000000000,1.900000000000
1496352470,2411.360000000000,0.080000000000
1496352483,2411.360000000000,0.011100000000
1496352489,2411.360000000000,0.021800000000
1496352510,2411.360000000000,0.014700000000
1496352595,2410.390000000000,1.908300000000
1496352620,2410.360000000000,2.065900000000
1496352620,2410.360000000000,2.816700000000
1496352621,2410.360000000000,2.835500000000
1496352636,2410.360000000000,0.040700000000
1496352654,2409.530000000000,0.022100000000
1496352683,2409.290000000000,0.022100000000
1496352688,2409.290000000000,0.012900000000
1496352830,2409.360000000000,1.982200000000
1496352831,2409.360000000000,2.702900000000
1496352831,2409.360000000000,1.981200000000
1496352831,2409.360000000000,2.926200000000
1496352854,2409.360000000000,0.147100000000
1496352859,2409.000000000000,2.308000000000
1496352859,2406.360000000000,1.873300000000
1496352859,2408.770000000000,2.831700000000
1496352859,2406.360000000000,2.644300000000
1496352860,2406.360000000000,0.342700000000
1496352874,2409.360000000000,0.014700000000
1496352914,2409.360000000000,0.009200000000
1496352934,2409.360000000000,0.044100000000
1496352966,2410.670000000000,0.011000000000
1496352982,2411.960000000000,0.014700000000
1496352984,2408.820000000000,0.204000000000
1496352984,2408.820000000000,0.203000000000
1496352984,2409.920000000000,2.296400000000
1496352985,2408.820000000000,0.203000000000
1496352985,2408.820000000000,0.204000000000
1496352985,2408.820000000000,0.202000000000
1496352985,2408.820000000000,0.202000000000
1496352986,2408.360000000000,0.485600000000
1496353023,2411.620000000000,0.004200000000
1496353095,2411.870000000000,0.014700000000
1496353104,2411.870000000000,0.012500000000
1496353111,2411.870000000000,0.004500000000
1496353145,2411.630000000000,0.031800000000
1496353269,2412.820000000000,0.003500000000
1496353313,2412.280000000000,0.012500000000
1496353348,2412.860000000000,0.022100000000
1496353448,2412.970000000000,0.007300000000
1496353494,2412.460000000000,0.042200000000
1496353531,2412.240000000000,0.003800000000
1496353559,2412.500000000000,2.746500000000
1496353579,2412.240000000000,2.483000000000
1496353579,2412.250000000000,2.320600000000
1496353579,2412.700000000000,2.323700000000
1496353587,2412.700000000000,2.872700000000
1496353593,2410.460000000000,2.485000000000
1496353625,2412.490000000000,0.077600000000
1496353630,2410.560000000000,0.005000000000
1496353656,2412.490000000000,0.110400000000
1496353715,2408.350000000000,0.002400000000
1496353774,2407.400000000000,0.001800000000
1496353804,2407.110000000000,0.014700000000
1496353816,2407.110000000000,0.011100000000
1496353834,2407.110000000000,0.029500000000
1496353843,2407.110000000000,0.029500000000
1496353866,2406.000000000000,0.001200000000
1496353867,2406.000000000000,2.706900000000
1496353870,2406.000000000000,2.376400000000
1496353870,2406.000000000000,2.682000000000
1496353928,2406.150000000000,0.007400000000
1496353983,2407.110000000000,0.011100000000
1496353995,2406.910000000000,0.017000000000
1496353998,2405.050000000000,1.904500000000
1496353998,2405.050000000000,2.254000000000
1496353998,2405.050000000000,1.933300000000
1496353998,2405.050000000000,2.999500000000
1496353999,2405.050000000000,2.021900000000
1496353999,2405.050000000000,2.844900000000
1496353999,2405.050000000000,2.227900000000
1496353999,2405.050000000000,1.855400000000
1496353999,2405.050000000000,0.908700000000
1496354000,2405.050000000000,1.904100000000
1496354000,2405.050000000000,1.049900000000
1496354005,2405.210000000000,0.007400000000
1496354006,2406.490000000000,1.964100000000
1496354006,2405.200000000000,1.235900000000
1496354027,2408.520000000000,0.005300000000
1496354040,2408.520000000000,0.016600000000
1496354047,2408.510000000000,0.007400000000
1496354069,2407.600000000000,0.008500000000
1496354083,2407.430000000000,0.029500000000
1496354097,2407.190000000000,0.008500000000
1496354120,2406.810000000000,0.011100000000
1496354125,2406.510000000000,2.954300000000
1496354125,2410.030000000000,1.224700000000
1496354125,2406.800000000000,2.821000000000
1496354148,2408.190000000000,0.044300000000
1496354153,2408.190000000000,0.050000000000
1496354209,2406.000000000000,0.013200000000
1496354257,2405.930000000000,0.003500000000
1496354285,2403.030000000000,0.022100000000
1496354318,2400.190000000000,0.007400000000
1496354329,2400.000000000000,0.258000000000
1496354333,2400.000000000000,2.438700000000
1496354334,2400.000000000000,2.482700000000
1496354334,2400.000000000000,1.940600000000
1496354334,2400.000000000000,2.531100000000
1496354339,2400.340000000000,0.001100000000
1496354352,2400.340000000000,2.074500000000
1496354353,2400.000000000000,1.731700000000
1496354353,2400.000000000000,0.348900000000
1496354358,2400.350000000000,1.000000000000
1496354382,2400.820000000000,2.500000000000
1496354590,2400.650000000000,0.020300000000
1496354600,2400.660000000000,0.018500000000
1496354757,2402.390000000000,0.016600000000
1496355355,2404.000000000000,2.344000000000
1496355371,2404.000000000000,0.002300000000
1496355431,2404.260000000000,0.000100000000
1496355457,2404.260000000000,0.000200000000
1496355640,2405.280000000000,0.715000000000
1496355640,2405.000000000000,0.015000000000
1496355798,2399.110000000000,0.017000000000
1496355810,2399.110000000000,0.037000000000
1496355831,2399.550000000000,0.007400000000
1496355858,2398.780000000000,0.088800000000
1496355895,2399.290000000000,0.021500000000
1496355967,2398.520000000000,0.028900000000
1496355991,2400.070000000000,0.001800000000
1496356070,2399.640000000000,0.011100000000
1496356091,2399.640000000000,0.007800000000
1496356100,2399.400000000000,0.010400000000
1496356114,2398.510000000000,0.008900000000
1496356160,2397.240000000000,0.011300000000
1496356181,2396.920000000000,0.307000000000
1496356199,2396.740000000000,0.009300000000
1496356233,2387.390000000000,0.138700000000
1496356235,2389.290000000000,0.008200000000
1496356242,2388.730000000000,2.780200000000
1496356243,2388.730000000000,3.029800000000
1496356249,2389.430000000000,0.000700000000
1496356275,2386.890000000000,0.009300000000
1496356277,2386.890000000000,2.506700000000
1496356293,2386.670000000000,0.007400000000
1496356341,2384.850000000000,0.009300000000
1496356370,2380.940000000000,0.088000000000
1496356370,2380.940000000000,0.258000000000
1496356382,2381.170000000000,0.200000000000
1496356382,2381.170000000000,2.673000000000
1496356404,2379.850000000000,0.013000000000
1496356474,2374.570000000000,0.014900000000
1496356546,2378.060000000000,0.014000000000
1496356554,2378.870000000000,0.014000000000
1496356554,2380.380000000000,0.012300000000
1496356592,2382.060000000000,0.100000000000
1496356667,2390.950000000000,0.020000000000
1496356689,2389.950000000000,2.474100000000
1496356690,2389.950000000000,0.032900000000
1496356697,2389.780000000000,0.172000000000
1496356774,2393.070000000000,0.020000000000
1496356943,2395.500000000000,0.007400000000
1496356960,2395.500000000000,0.012600000000
1496356972,2395.890000000000,0.031500000000
1496356997,2396.460000000000,0.000700000000
1496357021,2397.070000000000,0.017000000000
1496357255,2400.000000000000,0.100000000000
1496357361,2401.300000000000,0.250000000000
1496357556,2400.720000000000,0.003500000000
1496357598,2400.550000000000,0.007400000000
1496357633,2400.530000000000,0.037100000000
1496357689,2399.010000000000,0.017000000000
1496357700,2400.540000000000,2.000000000000
1496357725,2399.010000000000,1.747300000000
1496357726,2399.010000000000,1.849800000000
1496357726,2399.010000000000,3.008200000000
1496357755,2399.550000000000,0.037000000000
1496357769,2399.010000000000,2.542900000000
1496357770,2399.010000000000,3.007500000000
1496357770,2399.010000000000,0.834800000000
1496357770,2399.010000000000,2.160700000000
1496357770,2399.010000000000,1.254300000000
1496357772,2399.230000000000,0.016700000000
1496357779,2399.230000000000,0.070500000000
1496357793,2400.360000000000,0.006700000000
1496357800,2399.010000000000,0.715700000000
1496357800,2399.010000000000,2.105000000000
1496357800,2399.010000000000,2.587700000000
1496357800,2399.010000000000,2.800800000000
1496357800,2399.010000000000,1.472500000000
1496357801,2399.010000000000,2.169700000000
1496357827,2399.700000000000,0.014000000000
1496357830,2399.700000000000,0.014000000000
1496357835,2399.700000000000,0.014000000000
1496357850,2399.010000000000,0.018000000000
1496357850,2400.780000000000,0.016100000000
1496357957,2394.750000000000,0.013000000000
1496357975,2395.600000000000,0.013000000000
1496357975,2395.590000000000,2.514000000000
1496358025,2395.020000000000,2.361400000000
1496358026,2395.030000000000,0.014000000000
1496358026,2395.020000000000,0.157600000000
1496358034,2395.410000000000,0.014000000000
1496358034,2395.410000000000,0.014000000000
1496358041,2398.570000000000,0.074700000000
1496358096,2397.990000000000,0.029700000000
1496358101,2396.640000000000,0.008500000000
1496358159,2396.640000000000,0.001100000000
1496358172,2396.560000000000,0.011100000000
1496358222,2395.770000000000,0.096400000000
1496358243,2397.480000000000,0.000700000000
1496358246,2395.510000000000,0.018000000000
1496358250,2395.510000000000,0.018000000000
1496358255,2393.070000000000,0.015000000000
1496358286,2397.410000000000,0.002500000000
1496358304,2397.600000000000,0.022400000000
1496358306,2397.600000000000,2.000000000000
1496358313,2395.310000000000,0.096700000000
1496358335,2394.180000000000,0.014000000000
1496358348,2393.960000000000,0.015000000000
1496358349,2395.890000000000,0.008400000000
1496358349,2394.350000000000,0.014000000000
1496358355,2393.120000000000,0.015000000000
1496358367,2393.180000000000,0.021000000000
1496358371,2393.900000000000,0.017000000000
1496358373,2395.790000000000,0.179100000000
1496358373,2393.960000000000,0.014000000000
1496358379,2393.210000000000,0.194400000000
1496358392,2391.320000000000,0.017000000000
1496358392,2390.790000000000,0.014000000000
1496358393,2391.490000000000,0.014000000000
1496358393,2392.280000000000,0.066900000000
1496358396,2390.220000000000,0.015000000000
1496358442,2390.390000000000,0.020000000000
1496358446,2392.000000000000,0.018000000000
1496358473,2393.740000000000,0.056000000000
1496358497,2393.740000000000,0.024300000000
1496358525,2393.900000000000,0.014900000000
1496358597,2393.020000000000,0.045900000000
1496358654,2391.050000000000,0.014000000000
1496358693,2391.050000000000,0.000100000000
1496358724,2391.070000000000,0.013000000000
1496358731,2392.930000000000,0.007500000000
1496358746,2392.930000000000,0.003500000000
1496358750,2393.280000000000,0.037300000000
1496358814,2393.900000000000,0.002100000000
1496358814,2394.890000000000,0.016600000000
1496358842,2393.940000000000,0.007500000000
1496358845,2393.940000000000,0.005300000000
1496358951,2391.250000000000,0.000100000000
1496358987,2393.130000000000,0.111300000000
1496359020,2393.040000000000,0.100000000000
1496359035,2390.850000000000,0.006000000000
1496359075,2393.160000000000,0.150300000000
1496359242,2393.960000000000,0.209100000000
1496359314,2394.170000000000,0.000800000000
1496359423,2396.790000000000,2.567900000000
1496359425,2396.630000000000,0.256000000000
1496359426,2396.630000000000,0.087000000000
1496359430,2396.640000000000,0.084000000000
1496359431,2396.640000000000,0.085000000000
1496359431,2396.640000000000,0.085000000000
1496359432,2396.790000000000,3.539800000000
1496359433,2396.790000000000,0.084600000000
1496359457,2398.330000000000,0.164000000000
1496359528,2402.000000000000,0.020000000000
1496359616,2402.840000000000,2.006800000000
1496359616,2402.840000000000,2.176000000000
1496359616,2402.840000000000,1.706300000000
1496359616,2402.840000000000,2.233400000000
1496359665,2407.810000000000,0.165000000000
1496359687,2407.350000000000,0.008500000000
1496359711,2407.350000000000,0.800000000000
1496359845,2407.240000000000,0.007400000000
1496359863,2407.240000000000,0.014900000000
1496359935,2406.970000000000,0.008200000000
1496360021,2402.930000000000,0.074300000000
1496360048,2400.980000000000,0.011100000000
1496360072,2400.000000000000,2.102300000000
1496360072,2400.000000000000,1.469100000000
1496360072,2400.000000000000,2.310600000000
1496360072,2400.000000000000,2.429100000000
1496360080,2400.000000000000,1.646800000000
1496360126,2400.000000000000,0.084000000000
1496360126,2400.000000000000,0.254000000000
1496360129,2400.000000000000,0.084000000000
1496360129,2400.000000000000,0.084000000000
1496360131,2400.000000000000,0.087000000000
1496360236,2403.060000000000,0.425900000000
1496360236,2403.060000000000,1.000000000000
1496360236,2403.060000000000,1.000000000000
1496360236,2403.060000000000,1.000000000000
1496360571,2403.060000000000,1.000000000000
1496360571,2403.060000000000,0.335600000000
1496360571,2403.060000000000,1.000000000000
1496360571,2403.060000000000,0.574100000000
1496360572,2403.060000000000,0.450900000000
1496360572,2403.060000000000,1.000000000000
1496360572,2403.060000000000,1.000000000000
1496360572,2403.060000000000,0.664400000000
1496360650,2403.060000000000,0.549100000000
1496360903,2403.720000000000,0.100000000000
1496360903,2404.000000000000,0.100000000000
1496361021,2410.500000000000,0.068000000000
1496361070,2414.320000000000,0.983400000000
1496361117,2414.110000000000,0.165000000000
1496361668,2417.840000000000,2.000000000000
1496362149,2415.810000000000,0.084000000000
1496362149,2415.810000000000,0.083000000000
1496362149,2415.810000000000,0.068000000000
1496362149,2415.810000000000,0.083000000000
1496362470,2413.400000000000,0.508800000000
1496362530,2413.340000000000,0.002300000000
1496362807,2410.070000000000,0.022900000000
1496362835,2410.060000000000,0.086000000000
1496362846,2410.060000000000,0.054000000000
1496362847,2410.070000000000,0.025800000000
1496362905,2410.070000000000,0.011100000000
1496362906,2410.060000000000,0.086000000000
1496362910,2410.060000000000,0.083000000000
1496363030,2410.060000000000,1.191000000000
1496363055,2410.070000000000,1.250000000000
1496363081,2408.400000000000,0.011100000000
1496363085,2408.390000000000,0.000400000000
1496363087,2408.000000000000,0.250000000000
1496363091,2407.800000000000,0.033200000000
1496363220,2403.270000000000,0.018500000000
1496363228,2402.920000000000,0.051700000000
1496363261,2402.920000000000,0.007400000000
1496363265,2402.920000000000,0.003200000000
1496363265,2402.000000000000,0.064000000000
1496363295,2402.000000000000,0.936000000000
1496363308,2401.160000000000,0.167400000000
1496363333,2400.000000000000,1.355000000000
1496363334,2400.000000000000,1.298700000000
1496363334,2400.000000000000,2.476900000000
1496363334,2400.000000000000,2.213800000000
1496363337,2400.000000000000,2.521500000000
1496363337,2400.000000000000,1.698300000000
1496363386,2400.630000000000,0.087000000000
1496363388,2400.630000000000,0.085000000000
1496363389,2400.630000000000,0.254000000000
1496363391,2400.630000000000,0.084000000000
1496363391,2400.630000000000,0.084000000000
1496363423,2403.860000000000,0.013900000000
1496363748,2404.480000000000,0.207000000000
1496363748,2404.480000000000,0.207000000000
1496363748,2404.480000000000,0.207000000000
1496363933,2404.000000000000,0.060000000000
1496364286,2401.290000000000,0.207000000000
1496364286,2401.290000000000,0.207000000000
1496364286,2401.290000000000,0.207000000000
1496364286,2401.290000000000,0.207000000000
1496364286,2401.290000000000,0.207000000000
1496364287,2401.290000000000,0.207000000000
1496364287,2401.290000000000,0.207000000000
1496364534,2403.550000000000,1.793700000000
1496364535,2403.550000000000,2.498400000000
1496364535,2403.550000000000,2.549300000000
1496364609,2403.550000000000,1.825700000000
1496364622,2403.550000000000,1.296000000000
1496364624,2403.550000000000,2.070700000000
1496364624,2403.550000000000,1.449400000000
1496364624,2403.550000000000,1.720200000000
1496364625,2403.550000000000,1.974400000000
1496364626,2403.550000000000,2.451100000000
1496364627,2403.550000000000,0.901100000000
1496364679,2403.710000000000,0.100000000000
1496364705,2406.060000000000,0.084000000000
1496364706,2406.060000000000,0.084000000000
1496364716,2410.000000000000,0.603700000000
1496364716,2407.830000000000,1.503100000000
1496364716,2410.000000000000,1.778000000000
1496364716,2410.000000000000,1.115200000000
1496364747,2405.680000000000,0.100000000000
1496364747,2405.670000000000,0.900000000000
1496364777,2408.540000000000,1.796600000000
1496365004,2409.240000000000,0.084000000000
1496365006,2409.240000000000,0.083000000000
1496365006,2409.240000000000,0.252000000000
1496365008,2409.240000000000,0.083000000000
1496365008,2409.240000000000,0.086000000000
1496365230,2409.730000000000,0.084000000000
1496365230,2409.730000000000,0.083000000000
1496365232,2409.840000000000,0.086000000000
1496365233,2409.840000000000,0.252000000000
1496365233,2409.840000000000,0.083000000000
1496365290,2408.760000000000,0.083000000000
1496365434,2410.130000000000,0.070000000000
1496365535,2409.040000000000,0.166000000000
