1449952111,424.110000000000,0.433000000000
1449952124,424.000000000000,0.094300000000
1449952421,423.850000000000,0.111100000000
1449952584,424.710000000000,0.010900000000
1449952585,424.840000000000,0.094200000000
1449952592,425.560000000000,5.000000000000
1449952595,425.530000000000,4.490000000000
1449952595,425.690000000000,0.094000000000
1449952598,425.750000000000,0.010900000000
1449952602,425.900000000000,0.134800000000
1449952610,426.110000000000,0.010900000000
1449952617,426.550000000000,0.093800000000
1449952619,426.880000000000,4.020000000000
1449952627,427.010000000000,0.010800000000
1449952647,427.010000000000,0.021700000000
1449952650,427.320000000000,0.010900000000
1449952653,426.660000000000,0.010700000000
1449952664,426.660000000000,0.010900000000
1449954235,425.690000000000,0.094000000000
1449954801,425.280000000000,5.000000000000
1449958044,426.550000000000,0.093800000000
1449958081,426.710000000000,5.000000000000
1449958110,427.430000000000,4.906400000000
1449958110,427.400000000000,0.093600000000
1449958125,427.320000000000,6.168000000000
1449958230,427.520000000000,0.176000000000
1449958283,428.250000000000,0.093400000000
1449959505,427.400000000000,0.052100000000
1449960028,428.450000000000,0.170000000000
1449960029,428.460000000000,0.100000000000
1449960060,428.870000000000,0.290000000000
1449960071,429.020000000000,0.232300000000
1449960072,429.110000000000,0.093200000000
1449960087,429.770000000000,25.000000000000
1449960102,429.970000000000,0.093000000000
1449960119,430.830000000000,0.092800000000
1449960119,431.090000000000,0.713200000000
1449960124,431.090000000000,7.471000000000
1449960127,431.090000000000,6.970000000000
1449960128,431.090000000000,14.845800000000
1449960168,431.500000000000,0.284400000000
1449960171,431.690000000000,0.092700000000
1449960232,431.920000000000,25.000000000000
1449960269,431.580000000000,25.000000000000
1449960436,431.650000000000,0.328500000000
1449960786,431.370000000000,6.232000000000
1449960960,432.240000000000,30.733300000000
1449960991,432.550000000000,0.092500000000
1449961077,433.200000000000,0.353600000000
1449961080,433.420000000000,0.092300000000
1449961215,433.720000000000,5.834600000000
1449961216,433.720000000000,1.120000000000
1449961280,433.810000000000,0.500000000000
1449961415,433.360000000000,0.020000000000
1449961465,433.370000000000,29.980000000000
1449961960,433.420000000000,25.000000000000
1449962190,434.290000000000,0.092100000000
1449962204,435.150000000000,0.091900000000
1449962204,435.410000000000,30.000000000000
1449962305,435.570000000000,6.000000000000
1449962316,435.600000000000,0.050000000000
1449962329,435.600000000000,6.000000000000
1449962361,435.600000000000,25.000000000000
1449962577,435.800000000000,0.636800000000
1449962578,436.020000000000,0.091700000000
1449962622,436.900000000000,0.091600000000
1449962627,437.080000000000,1.000000000000
1449962711,436.990000000000,0.500000000000
1449962722,436.360000000000,0.500000000000
1449962844,436.020000000000,0.091700000000
1449962863,435.270000000000,6.723000000000
1449963203,435.150000000000,0.091900000000
1449963204,434.820000000000,2.450000000000
1449963204,434.770000000000,0.645300000000
1449963222,434.770000000000,0.021800000000
1449963268,434.290000000000,0.092100000000
1449963841,435.150000000000,0.091900000000
1449964014,436.020000000000,0.091700000000
1449964894,435.180000000000,0.240000000000
1449964896,435.150000000000,0.091900000000
1449964913,434.290000000000,0.092100000000
1449964930,433.420000000000,0.092300000000
1449964956,433.150000000000,0.431400000000
1449964961,432.550000000000,0.092500000000
1449964983,431.700000000000,7.138000000000
1449964986,431.790000000000,5.547000000000
1449964987,431.680000000000,25.000000000000
1449964987,431.690000000000,0.092700000000
1449964988,431.370000000000,7.910000000000
1449965458,432.550000000000,0.092500000000
1449965481,432.820000000000,25.000000000000
1449965481,432.970000000000,25.000000000000
1449966481,433.060000000000,25.000000000000
1449966907,433.390000000000,0.032600000000
1449966910,433.420000000000,0.092300000000
1449967122,434.290000000000,0.092100000000
1449967126,434.980000000000,0.041700000000
1449967127,435.030000000000,0.630000000000
1449968535,434.820000000000,2.510000000000
1449969129,434.220000000000,1.131900000000
1449969130,434.220000000000,1.131900000000
1449969144,434.030000000000,1.131900000000
1449969156,434.620000000000,1.131800000000
1449969159,434.540000000000,2.263700000000
1449969171,434.030000000000,1.131700000000
1449969375,435.150000000000,0.091900000000
1449969395,435.510000000000,0.025000000000
1449969633,435.150000000000,0.091900000000
1449969892,435.100000000000,1.300000000000
1449969892,435.100000000000,1.000000000000
1449969955,434.290000000000,0.092100000000
1449970908,433.630000000000,0.007300000000
1449972598,434.620000000000,4.570000000000
1449972611,434.620000000000,4.657000000000
1449972631,434.620000000000,5.030000000000
1449972640,434.620000000000,5.127000000000
1449972645,434.620000000000,5.618000000000
1449972653,434.620000000000,6.055000000000
1449972655,434.620000000000,68.943000000000
1449972886,435.150000000000,0.091900000000
1449974570,436.060000000000,0.055400000000
1449974570,436.510000000000,0.002900000000
1449974570,436.020000000000,0.091700000000
1449974884,436.590000000000,5.000000000000
1449975032,436.210000000000,0.250000000000
1449975045,436.210000000000,0.300000000000
1449975060,436.210000000000,5.000000000000
1449975084,436.650000000000,5.000000000000
1449975112,436.630000000000,2.000000000000
1449975123,436.900000000000,0.090000000000
1449975125,436.900000000000,0.001600000000
1449975142,437.020000000000,1.000000000000
1449975225,437.190000000000,21.000000000000
1449975288,437.500000000000,0.068900000000
1449975291,437.510000000000,34.931100000000
1449975323,437.800000000000,4.908600000000
1449975323,437.770000000000,0.091400000000
1449975639,438.000000000000,3.500000000000
1449975686,438.000000000000,58.500000000000
1449975689,438.000000000000,16.851100000000
1449975692,438.000000000000,45.148900000000
1449975695,438.000000000000,27.303300000000
1449975696,438.000000000000,34.696700000000
1449975696,438.000000000000,38.198500000000
1449975696,438.000000000000,46.162700000000
1449975696,438.000000000000,23.801500000000
1449975697,438.000000000000,49.867100000000
1449975697,438.000000000000,15.837300000000
1449975708,438.000000000000,12.132900000000
1449975708,438.000000000000,13.825400000000
1449975708,438.000000000000,48.174600000000
1449975708,438.000000000000,45.457100000000
1449975709,438.000000000000,16.542900000000
1449975709,438.000000000000,41.076400000000
1449975712,438.000000000000,4.899000000000
1449975730,438.000000000000,0.400000000000
1449975772,437.950000000000,15.000000000000
1449975773,437.950000000000,0.270000000000
1449975827,437.220000000000,16.050000000000
1449975828,436.920000000000,18.950000000000
1449976403,437.370000000000,1.580000000000
1449976935,436.960000000000,1.957900000000
1449976969,436.970000000000,1.957900000000
1449977007,437.540000000000,1.957800000000
1449977008,437.490000000000,1.957800000000
1449977010,437.430000000000,1.957800000000
1449977015,437.180000000000,3.915500000000
1449977246,436.980000000000,3.410000000000
1449977247,436.900000000000,0.091600000000
1449977545,436.780000000000,5.000000000000
1449977616,437.120000000000,0.730000000000
1449977625,437.120000000000,5.000000000000
1449977645,436.990000000000,5.000000000000
1449977675,437.110000000000,0.670000000000
1449977689,436.900000000000,0.430000000000
1449977720,436.900000000000,0.550000000000
1449977738,436.860000000000,0.930000000000
1449977751,436.860000000000,0.340000000000
1449977772,436.860000000000,8.000000000000
1449977796,436.930000000000,0.280000000000
1449978251,437.350000000000,0.720000000000
1449978356,436.550000000000,5.000000000000
1449978390,436.250000000000,5.000000000000
1449978397,435.800000000000,25.000000000000
1449978397,436.020000000000,0.091700000000
1449978406,435.770000000000,0.414400000000
1449978415,435.740000000000,5.000000000000
1449979156,435.150000000000,0.091900000000
1449979191,434.460000000000,1.000000000000
1449979195,434.290000000000,0.092100000000
1449979204,433.740000000000,0.480400000000
1449979205,433.600000000000,1.000000000000
1449979205,433.420000000000,0.092300000000
1449979262,433.190000000000,2.500000000000
1449979298,432.600000000000,1.000000000000
1449979312,432.550000000000,0.092500000000
1449979314,431.700000000000,10.770000000000
1449979315,431.690000000000,0.092700000000
1449979316,431.600000000000,2.000000000000
1449979316,431.370000000000,0.300000000000
1449979318,431.090000000000,30.000000000000
1449979318,430.990000000000,0.500000000000
1449979318,431.070000000000,0.250100000000
1449979318,430.830000000000,0.092800000000
1449979318,431.180000000000,0.400000000000
1449979328,430.860000000000,0.195000000000
1449979328,430.760000000000,25.000000000000
1449979328,430.750000000000,0.209600000000
1449979329,430.520000000000,0.145000000000
1449979330,430.430000000000,1.792600000000
1449979330,430.400000000000,0.999900000000
1449979330,430.510000000000,0.250000000000
1449979330,430.350000000000,0.475300000000
1449979331,429.810000000000,0.112500000000
1449979331,429.770000000000,0.141200000000
1449979331,429.970000000000,0.093000000000
1449979331,429.930000000000,0.202500000000
1449979332,429.110000000000,0.093200000000
1449979341,428.250000000000,0.093400000000
1449979342,428.150000000000,0.888800000000
1449979358,428.530000000000,1.000000000000
1449979359,427.430000000000,0.207000000000
1449979360,426.830000000000,30.000000000000
1449979360,427.400000000000,0.041500000000
1449979360,426.550000000000,0.093800000000
1449979361,426.350000000000,0.207000000000
1449979365,426.030000000000,0.843000000000
1449979370,426.030000000000,0.292000000000
1449979371,426.830000000000,4.742000000000
1449979372,427.060000000000,6.814000000000
1449979374,427.430000000000,0.903000000000
1449979377,427.400000000000,0.083000000000
1449979378,427.060000000000,6.117000000000
1449979380,427.400000000000,0.010600000000
1449979380,427.570000000000,0.989400000000
1449979381,427.110000000000,0.100000000000
1449979391,426.810000000000,0.089000000000
1449979392,426.550000000000,0.093800000000
1449979406,427.060000000000,0.090000000000
1449979407,426.490000000000,0.089000000000
1449979408,426.490000000000,0.982000000000
1449979415,425.690000000000,0.094000000000
1449979416,425.600000000000,2.000000000000
1449979416,425.290000000000,0.398900000000
1449979416,425.670000000000,0.300000000000
1449979416,425.330000000000,0.644300000000
1449979416,425.320000000000,2.061500000000
1449979417,425.260000000000,3.316100000000
1449979445,424.600000000000,1.000000000000
1449979445,424.840000000000,0.094200000000
1449979467,423.600000000000,1.000000000000
1449979467,424.000000000000,0.094300000000
1449979475,424.040000000000,0.461900000000
1449979480,423.200000000000,6.325900000000
1449979480,423.300000000000,1.054100000000
1449979480,423.420000000000,0.140400000000
1449979480,423.390000000000,0.235600000000
1449979481,423.150000000000,0.094500000000
1449979485,422.680000000000,10.780000000000
1449979485,422.600000000000,30.000000000000
1449979488,422.310000000000,0.094700000000
1449979488,422.600000000000,5.000000000000
1449979489,422.320000000000,10.440000000000
1449979491,422.300000000000,1.520600000000
1449979491,423.140000000000,0.252400000000
1449979495,422.860000000000,0.160000000000
1449979528,421.460000000000,0.094900000000
1449979536,420.620000000000,0.095100000000
1449979541,421.370000000000,0.218800000000
1449979542,421.370000000000,0.114500000000
1449979544,420.520000000000,0.220900000000
1449979544,420.520000000000,0.189000000000
1449979545,420.890000000000,5.358300000000
1449979545,420.960000000000,2.244400000000
1449979545,420.890000000000,0.163800000000
1449979552,420.960000000000,0.244000000000
1449979555,420.960000000000,11.550000000000
1449979556,420.960000000000,16.019800000000
1449979558,420.000000000000,0.555500000000
1449979559,419.670000000000,0.111100000000
1449979559,419.780000000000,0.095300000000
1449979569,421.520000000000,6.015000000000
1449979582,421.610000000000,5.318000000000
1449979583,421.610000000000,5.414000000000
1449979584,421.830000000000,0.094900000000
1449979585,421.830000000000,0.905100000000
1449979586,421.670000000000,3.723900000000
1449979587,422.180000000000,0.009900000000
1449979591,422.180000000000,0.009900000000
1449979592,421.710000000000,0.026000000000
1449979593,421.710000000000,0.069100000000
1449979594,421.710000000000,0.601900000000
1449979595,421.710000000000,0.020000000000
1449979596,421.650000000000,4.853100000000
1449979598,421.560000000000,1.080000000000
1449979601,423.150000000000,0.094500000000
1449979602,424.000000000000,0.094300000000
1449979602,423.250000000000,0.083700000000
1449979603,424.290000000000,5.539000000000
1449979604,424.550000000000,7.010000000000
1449979606,424.840000000000,0.009900000000
1449979607,425.690000000000,0.094000000000
1449979607,424.840000000000,0.084300000000
1449979610,426.540000000000,0.328500000000
1449979611,426.540000000000,6.696000000000
1449979612,426.550000000000,0.093800000000
1449979620,426.640000000000,6.359000000000
1449979622,426.830000000000,0.009900000000
1449979627,424.380000000000,5.972000000000
1449979629,424.610000000000,0.009800000000
1449979647,425.200000000000,0.094000000000
1449979648,424.840000000000,0.019700000000
1449979654,424.900000000000,0.019800000000
1449979657,425.200000000000,0.019800000000
1449979660,425.490000000000,0.039400000000
1449979711,425.710000000000,0.071000000000
1449979717,425.710000000000,0.050000000000
1449979723,425.710000000000,0.062000000000
1449979728,425.710000000000,0.045000000000
1449979734,425.710000000000,4.833000000000
1449979735,425.830000000000,1.000000000000
1449979765,426.030000000000,0.075100000000
1449979891,426.030000000000,1.000000000000
1449979911,425.930000000000,0.372100000000
1449979951,425.220000000000,5.977000000000
1449979958,425.270000000000,6.074000000000
1449980050,425.770000000000,0.296200000000
1449980349,426.550000000000,0.093800000000
1449980458,426.830000000000,4.873000000000
1449980465,426.830000000000,25.117100000000
1449980505,427.400000000000,0.093600000000
1449980532,427.580000000000,6.295000000000
1449981368,428.080000000000,0.105200000000
1449981369,428.250000000000,0.093400000000
1449981421,428.350000000000,4.616000000000
1449981465,428.630000000000,5.293000000000
1449981565,428.790000000000,6.875000000000
1449981567,429.110000000000,0.093200000000
1449981626,429.840000000000,1.340000000000
1449981683,429.970000000000,0.093000000000
1449981684,430.340000000000,19.907000000000
1449981787,430.830000000000,0.092800000000
1449981849,431.090000000000,30.000000000000
1449982022,431.690000000000,0.092700000000
1449982022,431.790000000000,0.000300000000
1449982027,431.790000000000,1.000000000000
1449982032,431.790000000000,0.423000000000
1449982524,430.830000000000,0.092800000000
1449982525,430.830000000000,1.230000000000
1449982534,430.570000000000,0.351600000000
1449982547,429.970000000000,0.093000000000
1449982549,429.110000000000,0.093200000000
1449982549,429.050000000000,25.000000000000
1449982566,428.990000000000,1.000000000000
1449982566,428.990000000000,0.019000000000
1449982567,428.990000000000,1.000000000000
1449982568,429.070000000000,1.000000000000
1449982569,429.070000000000,0.214000000000
1449982570,429.070000000000,0.256000000000
1449982581,429.050000000000,0.045000000000
1449982583,429.050000000000,0.467000000000
1449982587,429.050000000000,0.049000000000
1449982594,429.050000000000,1.000000000000
1449982604,429.050000000000,1.000000000000
1449982612,429.240000000000,0.200000000000
1449982616,429.310000000000,25.000000000000
1449982619,429.630000000000,0.300000000000
1449982629,429.610000000000,0.290000000000
1449982641,429.970000000000,0.093000000000
1449982771,430.140000000000,0.455000000000
1449982775,430.130000000000,0.455000000000
1449982783,430.130000000000,0.455000000000
1449982786,430.130000000000,0.200000000000
1449982788,430.130000000000,0.200000000000
1449982789,430.130000000000,1.000000000000
1449982803,430.400000000000,5.000000000000
1449982886,430.450000000000,2.760000000000
1449982901,430.200000000000,0.670000000000
1449982904,430.200000000000,1.000000000000
1449982912,430.200000000000,1.000000000000
1449982916,430.320000000000,0.479000000000
1449982924,430.320000000000,1.730000000000
1449982927,430.160000000000,1.000000000000
1449982927,430.160000000000,1.000000000000
1449982931,430.160000000000,0.080000000000
1449982944,430.170000000000,0.176000000000
1449982947,430.170000000000,5.000000000000
1449982954,430.170000000000,1.000000000000
1449982955,430.390000000000,1.000000000000
1449982958,430.390000000000,0.250000000000
1449982967,430.390000000000,0.250000000000
1449982970,430.390000000000,0.250000000000
1449982984,430.390000000000,0.171000000000
1449983145,430.320000000000,1.440000000000
1449983226,430.570000000000,0.016000000000
1449983367,430.830000000000,0.092800000000
1449983370,430.910000000000,0.267200000000
1449984116,431.230000000000,0.194000000000
1449984124,431.270000000000,0.036000000000
1449984124,431.270000000000,0.464000000000
1449984132,431.270000000000,0.202000000000
1449984150,431.270000000000,1.000000000000
1449984150,431.270000000000,4.539000000000
1449984157,431.550000000000,1.000000000000
1449984159,431.550000000000,1.000000000000
1449984166,431.550000000000,0.053000000000
1449984169,431.550000000000,0.629000000000
1449984173,431.550000000000,6.451000000000
1449984174,431.550000000000,0.278000000000
1449984177,431.550000000000,1.000000000000
1449984179,431.550000000000,0.969000000000
1449984180,431.550000000000,1.000000000000
1449984182,431.690000000000,0.092700000000
1449984182,431.550000000000,12.620000000000
1449984192,432.210000000000,0.123700000000
1449984206,432.190000000000,5.175000000000
1449984214,432.260000000000,0.440000000000
1449984230,432.550000000000,0.090000000000
1449984246,432.550000000000,0.002500000000
1449984247,432.550000000000,0.247500000000
1449984271,433.020000000000,5.000000000000
1449984291,432.950000000000,1.100000000000
1449984300,433.330000000000,0.010000000000
1449984305,433.330000000000,0.010000000000
1449984327,433.330000000000,0.288000000000
1449984330,433.330000000000,0.440000000000
1449984330,433.330000000000,0.288000000000
1449984335,433.330000000000,0.200000000000
1449984338,433.330000000000,0.200000000000
1449984748,433.390000000000,0.010000000000
1449984748,433.390000000000,0.080000000000
1449984871,433.420000000000,0.090000000000
1449984923,433.830000000000,0.227700000000
1449984923,433.420000000000,0.002300000000
1449984969,433.900000000000,0.160000000000
1449985067,434.030000000000,0.299600000000
1449985067,433.900000000000,0.000400000000
1449985079,434.030000000000,0.300000000000
1449985155,434.290000000000,0.090000000000
1449985204,434.290000000000,0.002100000000
1449985390,434.310000000000,0.370000000000
1449985559,433.420000000000,0.092300000000
1449986578,433.230000000000,0.010000000000
1449986578,433.230000000000,0.260000000000
1449986579,432.550000000000,0.092500000000
1449986579,432.560000000000,0.030000000000
1449986609,432.460000000000,6.532000000000
1449986648,431.690000000000,0.092700000000
1449986651,431.440000000000,0.591000000000
1449986661,431.420000000000,0.346800000000
1449986672,431.900000000000,0.410000000000
1449986728,431.410000000000,5.000000000000
1449986732,431.410000000000,1.000000000000
1449986739,431.410000000000,0.147000000000
1449986842,432.550000000000,0.090000000000
1449986854,432.550000000000,0.002500000000
1449986854,432.620000000000,0.267500000000
1449986865,432.620000000000,0.390000000000
1449986878,432.410000000000,0.350000000000
1449986891,432.410000000000,0.010000000000
1449986901,432.410000000000,0.440000000000
1449986913,432.410000000000,0.670000000000
1449986924,432.470000000000,5.000000000000
1449986934,432.030000000000,1.170000000000
1449986966,432.340000000000,0.300000000000
1449986979,432.340000000000,0.060000000000
1449986991,432.340000000000,0.300000000000
1449987002,432.340000000000,0.250000000000
1449987019,432.340000000000,0.300000000000
1449987030,432.690000000000,0.300000000000
1449987042,432.690000000000,0.300000000000
1449987054,432.690000000000,0.300000000000
1449987066,432.690000000000,0.360000000000
1449987080,432.690000000000,0.300000000000
1449987091,432.690000000000,0.300000000000
1449987104,432.690000000000,0.300000000000
1449987116,432.620000000000,0.300000000000
1449987131,432.620000000000,0.390000000000
1449987148,432.220000000000,1.150000000000
1449987153,431.690000000000,0.092700000000
1449987153,431.610000000000,25.000000000000
1449987154,431.550000000000,0.300000000000
1449987169,432.340000000000,0.240000000000
1449987271,431.870000000000,5.000000000000
1449987321,432.340000000000,0.440000000000
1449987331,432.340000000000,0.490000000000
1449987348,432.340000000000,0.480000000000
1449987362,432.330000000000,0.360000000000
1449987380,432.330000000000,0.300000000000
1449987395,432.330000000000,0.630000000000
1449987412,432.550000000000,0.092500000000
1449987412,432.700000000000,0.397500000000
1449987447,432.180000000000,0.300000000000
1449987508,432.660000000000,0.360000000000
1449987581,432.640000000000,0.810000000000
1449987600,432.720000000000,0.360000000000
1449987644,432.720000000000,0.280000000000
1449987659,432.720000000000,0.550000000000
1449987687,432.720000000000,0.370000000000
1449987703,432.790000000000,0.300000000000
1449987743,432.790000000000,0.300000000000
1449987775,432.790000000000,0.300000000000
1449987788,432.790000000000,0.980000000000
1449987807,432.790000000000,0.970000000000
1449987823,432.800000000000,0.128100000000
1449987826,432.950000000000,0.001900000000
1449987839,432.950000000000,0.350000000000
1449987863,432.950000000000,0.260000000000
1449987873,432.950000000000,0.940000000000
1449987893,433.170000000000,0.300000000000
1449987918,433.170000000000,0.250000000000
1449987931,433.170000000000,0.050000000000
1449987944,433.170000000000,0.300000000000
1449987956,433.170000000000,5.000000000000
1449987967,432.940000000000,0.570000000000
1449987980,432.940000000000,0.370000000000
1449988005,433.190000000000,0.088400000000
1449988007,433.190000000000,0.370000000000
1449988035,433.190000000000,0.370000000000
1449988047,433.190000000000,0.350000000000
1449988165,433.190000000000,2.920000000000
1449988178,433.260000000000,0.910000000000
1449988240,433.430000000000,0.166700000000
1449988240,433.420000000000,0.092300000000
1449988241,433.690000000000,0.001000000000
1449988287,433.610000000000,4.750000000000
1449988385,433.670000000000,0.420000000000
1449988400,433.670000000000,0.090000000000
1449988411,433.670000000000,0.070000000000
1449988424,433.670000000000,0.100000000000
1449988434,433.670000000000,2.120000000000
1449988526,433.880000000000,0.010000000000
1449988930,433.730000000000,0.100000000000
1449988942,433.730000000000,0.020000000000
1449988956,433.730000000000,0.020000000000
1449988969,433.730000000000,5.000000000000
1449989333,433.550000000000,4.460000000000
1449989345,433.850000000000,0.300000000000
1449989361,433.850000000000,0.550000000000
1449989870,433.610000000000,0.010000000000
1449989960,433.370000000000,0.210000000000
1449989961,433.370000000000,0.060000000000
1449989962,433.370000000000,0.010000000000
1449989962,433.370000000000,0.010000000000
1449989983,432.690000000000,0.020000000000
1449990034,432.550000000000,0.092500000000
1449990080,432.490000000000,0.250000000000
1449990093,432.490000000000,0.300000000000
1449990105,432.490000000000,0.360000000000
1449990113,432.490000000000,5.000000000000
1449990158,433.090000000000,1.530000000000
1449990200,433.260000000000,0.250000000000
1449990211,433.260000000000,0.670000000000
1449990221,433.260000000000,5.000000000000
1449990233,433.260000000000,0.360000000000
1449990243,433.260000000000,0.300000000000
1449990259,433.260000000000,0.310000000000
1449990269,433.420000000000,0.090000000000
1449990349,433.280000000000,0.020000000000
1449990380,433.280000000000,1.580000000000
1449990473,432.850000000000,0.260000000000
1449990483,432.850000000000,5.000000000000
1449990513,432.930000000000,0.890000000000
1449990524,432.930000000000,0.340000000000
1449990540,433.070000000000,5.000000000000
1449990581,433.040000000000,0.300000000000
1449990590,433.040000000000,5.000000000000
1449990632,433.160000000000,0.380000000000
1449991283,433.050000000000,25.000000000000
1449991450,432.680000000000,0.930000000000
1449991451,432.320000000000,19.070000000000
1449991714,432.060000000000,6.085000000000
1449991800,432.350000000000,41.000000000000
1449992000,432.540000000000,0.300000000000
1449992012,432.540000000000,0.310000000000
1449992048,432.540000000000,5.000000000000
1449992108,432.530000000000,0.300000000000
1449992121,432.530000000000,0.300000000000
1449992180,432.500000000000,0.370000000000
1449992190,432.500000000000,0.370000000000
1449992204,432.500000000000,5.000000000000
1449993046,433.260000000000,25.000000000000
1449993055,433.410000000000,0.300000000000
1449993066,433.410000000000,5.000000000000
1449993091,433.230000000000,0.380000000000
1449993100,433.230000000000,5.000000000000
1449993483,433.420000000000,0.002300000000
1449993888,433.220000000000,5.000000000000
1449993959,433.270000000000,4.313000000000
1449993967,433.240000000000,4.346000000000
1449993968,433.200000000000,25.000000000000
1449994495,433.260000000000,0.340000000000
1449994495,433.020000000000,34.920000000000
1449994978,433.310000000000,25.000000000000
1449995352,433.960000000000,0.010000000000
1449995360,434.030000000000,0.110000000000
1449995400,434.290000000000,0.092100000000
1449995400,434.120000000000,0.220000000000
1449995447,434.530000000000,25.000000000000
1449995447,434.530000000000,0.400000000000
1449995961,435.020000000000,0.268900000000
1449995961,435.120000000000,39.731100000000
1449996028,435.150000000000,0.091900000000
1449996070,435.410000000000,25.000000000000
1449996130,435.410000000000,5.000000000000
1449996130,435.640000000000,0.190000000000
1449996156,435.880000000000,0.782300000000
1449996261,436.000000000000,0.283200000000
1449996261,436.000000000000,0.716800000000
1449996267,435.380000000000,25.000000000000
1449996268,435.260000000000,0.020000000000
1449996269,435.220000000000,14.810000000000
1449996269,435.260000000000,0.170000000000
1449996273,435.240000000000,0.002900000000
1449996675,435.840000000000,25.000000000000
1449996675,435.930000000000,0.160000000000
1449997299,436.010000000000,0.300000000000
1449997300,436.190000000000,0.110000000000
1449997300,436.020000000000,0.091700000000
1449997347,435.560000000000,0.190000000000
1449997358,435.150000000000,0.091900000000
1449997375,434.730000000000,25.000000000000
1449997375,434.750000000000,1.160000000000
1449997380,434.630000000000,0.300000000000
1449997382,434.630000000000,10.000000000000
1449997436,434.420000000000,6.587000000000
1449997448,434.290000000000,0.092100000000
1449997491,433.510000000000,25.000000000000
1449997873,434.710000000000,0.150000000000
1449997998,434.720000000000,25.000000000000
1449999412,434.770000000000,0.010000000000
1449999420,434.660000000000,0.010000000000
1449999512,434.780000000000,0.010000000000
1449999885,433.980000000000,0.500000000000
1450001509,433.440000000000,0.320000000000
1450001510,433.420000000000,0.092300000000
1450002304,433.020000000000,0.373000000000
1450002395,432.550000000000,0.092500000000
1450003392,432.930000000000,0.097800000000
1450003815,433.420000000000,0.092300000000
1450003824,433.420000000000,50.000000000000
1450004148,433.660000000000,50.000000000000
1450004148,433.660000000000,0.127100000000
1450004516,433.190000000000,0.070000000000
1450004517,433.190000000000,0.680000000000
1450005027,432.930000000000,0.190000000000
1450005027,432.930000000000,0.010000000000
1450005027,432.930000000000,0.060000000000
1450005028,432.930000000000,0.010000000000
1450005399,433.660000000000,0.080000000000
1450005402,433.660000000000,0.010000000000
1450005402,433.660000000000,0.070000000000
1450005403,433.660000000000,0.010000000000
1450005765,433.820000000000,0.980000000000
1450006155,433.630000000000,25.000000000000
1450006310,433.680000000000,1.130000000000
1450006442,433.900000000000,45.000000000000
1450006521,434.290000000000,0.092100000000
1450006521,434.350000000000,0.220000000000
1450006579,434.430000000000,0.167700000000
1450006580,434.430000000000,0.150000000000
1450006580,434.430000000000,0.070000000000
1450008850,434.640000000000,0.010000000000
1450008850,434.640000000000,0.010000000000
1450008850,434.640000000000,0.010000000000
1450008850,434.640000000000,0.050000000000
1450010618,435.150000000000,0.091900000000
1450010618,435.250000000000,0.150000000000
1450010883,435.260000000000,0.050000000000
1450010890,435.150000000000,0.010000000000
1450011967,435.140000000000,25.000000000000
1450012189,434.560000000000,25.000000000000
1450013690,434.490000000000,0.040000000000
1450013691,434.490000000000,0.010000000000
1450013691,434.490000000000,0.010000000000
1450013691,434.490000000000,0.030000000000
1450014462,434.780000000000,0.020000000000
1450016857,436.020000000000,0.091700000000
1450016857,435.920000000000,0.206700000000
1450016992,436.220000000000,25.000000000000
1450017113,436.900000000000,0.091600000000
1450017153,437.770000000000,0.091400000000
1450017163,438.000000000000,15.624600000000
1450017163,438.000000000000,3.840000000000
1450017163,437.900000000000,0.257100000000
1450017164,438.000000000000,19.202800000000
1450017164,438.000000000000,40.859900000000
1450017164,438.000000000000,42.797200000000
1450017165,438.000000000000,33.619700000000
1450017165,438.000000000000,38.981900000000
1450017165,438.000000000000,23.018100000000
1450017165,438.000000000000,21.140100000000
1450017166,438.000000000000,28.380300000000
1450017166,438.000000000000,35.772300000000
1450017166,438.000000000000,26.227700000000
1450017166,438.000000000000,12.956600000000
1450017185,438.000000000000,0.430000000000
1450017195,438.000000000000,1.268700000000
1450017195,438.000000000000,47.344700000000
1450017206,438.000000000000,43.640200000000
1450017206,438.000000000000,18.359800000000
1450017207,438.000000000000,8.000000000000
1450017207,438.380000000000,1.840000000000
1450017212,438.650000000000,0.091200000000
1450017260,438.740000000000,0.008600000000
1450017301,438.970000000000,0.173600000000
1450017320,438.970000000000,0.003400000000
1450017321,439.520000000000,0.091000000000
1450017322,439.550000000000,0.909000000000
1450017339,439.550000000000,0.319300000000
1450017394,439.760000000000,30.000000000000
1450017406,440.380000000000,18.340000000000
1450017406,440.400000000000,0.090800000000
1450017410,440.750000000000,18.310000000000
1450017411,440.770000000000,0.457700000000
1450017421,440.970000000000,0.390000000000
1450017429,439.740000000000,0.067000000000
1450017451,440.620000000000,2.074800000000
1450017467,440.240000000000,0.006800000000
1450017518,440.410000000000,0.770000000000
1450017518,440.410000000000,25.000000000000
1450017592,440.040000000000,11.000000000000
1450017593,440.020000000000,11.070000000000
1450017700,439.610000000000,0.010900000000
1450017816,439.350000000000,0.560000000000
1450017816,439.520000000000,0.091000000000
1450018287,439.390000000000,25.000000000000
1450018288,439.170000000000,0.020000000000
1450019017,439.320000000000,0.040000000000
1450019018,439.200000000000,1.640000000000
1450019086,438.650000000000,0.091200000000
1450019852,438.720000000000,7.000000000000
1450019865,438.720000000000,1.000000000000
1450019888,438.110000000000,0.008200000000
1450020880,439.020000000000,1.140000000000
1450020935,437.770000000000,0.091400000000
1450020939,437.610000000000,0.428100000000
1450020952,436.900000000000,0.091600000000
1450020956,436.990000000000,1.160000000000
1450020957,437.200000000000,1.170000000000
1450020959,437.230000000000,1.170000000000
1450020971,437.230000000000,25.000000000000
1450021029,436.020000000000,0.091700000000
1450021035,435.730000000000,2.090000000000
1450021037,435.410000000000,30.000000000000
1450021046,435.150000000000,0.091900000000
1450021046,435.020000000000,1.840000000000
1450021058,434.290000000000,0.092100000000
1450021189,435.150000000000,0.091900000000
1450021352,436.020000000000,0.091700000000
1450021568,436.900000000000,0.091600000000
1450021588,437.520000000000,0.319400000000
1450021663,437.580000000000,1.650000000000
1450022425,437.450000000000,0.020000000000
1450022425,437.450000000000,0.060000000000
1450022426,437.200000000000,0.010000000000
1450023365,437.650000000000,0.014000000000
1450023365,437.650000000000,0.090000000000
1450024047,437.770000000000,0.091400000000
1450024048,437.780000000000,0.031900000000
1450024048,438.120000000000,25.000000000000
1450024049,438.660000000000,0.040000000000
1450024049,438.650000000000,0.091200000000
1450024211,439.520000000000,0.091000000000
1450024316,439.760000000000,0.700000000000
1450024600,439.750000000000,0.300000000000
1450024603,439.750000000000,0.820000000000
1450026416,439.480000000000,0.010000000000
1450026416,439.480000000000,0.140000000000
1450026473,439.080000000000,0.008200000000
1450026543,439.080000000000,0.170000000000
1450026546,439.080000000000,0.030000000000
1450026546,439.080000000000,0.080000000000
1450026547,439.080000000000,0.010000000000
1450026879,438.970000000000,25.000000000000
1450026882,438.970000000000,0.220000000000
1450026882,438.970000000000,0.010000000000
1450026883,438.790000000000,4.379900000000
1450027343,438.650000000000,0.091200000000
1450027344,438.650000000000,0.050000000000
1450027347,438.650000000000,0.120000000000
1450027347,438.650000000000,0.170000000000
1450027347,438.650000000000,0.010000000000
1450028286,438.170000000000,2.250000000000
1450028286,438.150000000000,7.750000000000
1450028832,438.030000000000,1.000000000000
1450029699,439.390000000000,0.020000000000
1450029700,439.390000000000,0.010000000000
1450029700,439.390000000000,0.010000000000
1450029703,439.390000000000,0.010000000000
1450031049,439.020000000000,0.240000000000
1450031051,439.020000000000,0.170000000000
1450031051,439.020000000000,0.050000000000
1450031051,439.020000000000,0.010000000000
1450031052,438.750000000000,15.000000000000
1450031467,438.660000000000,0.106000000000
1450032296,439.020000000000,5.000000000000
1450032297,439.020000000000,0.110000000000
1450032297,439.020000000000,0.220000000000
1450032297,439.020000000000,0.010000000000
1450032300,438.770000000000,25.000000000000
1450034257,439.030000000000,0.014000000000
1450034262,439.130000000000,3.000000000000
1450035466,439.520000000000,0.091000000000
1450035466,439.650000000000,0.407900000000
1450036048,439.540000000000,10.520000000000
1450036109,439.760000000000,29.300000000000
1450037471,440.030000000000,1.000000000000
1450037480,440.030000000000,0.260000000000
1450037700,440.000000000000,0.740000000000
1450037704,440.200000000000,0.041700000000
1450037704,440.000000000000,1.000000000000
1450037704,440.400000000000,0.090800000000
1450037730,441.000000000000,1.000000000000
1450037758,441.090000000000,0.151300000000
1450037799,440.870000000000,0.005200000000
1450037810,441.140000000000,25.000000000000
1450037811,441.280000000000,0.090600000000
1450037853,441.330000000000,1.861900000000
1450037853,441.500000000000,0.320000000000
1450037863,441.460000000000,0.025800000000
1450038347,441.460000000000,0.010000000000
1450038348,441.460000000000,0.010000000000
1450038351,441.460000000000,0.010000000000
1450038351,441.460000000000,0.200000000000
1450038451,440.630000000000,0.017100000000
1450038469,440.630000000000,0.152900000000
1450038470,440.630000000000,0.210000000000
1450038475,440.570000000000,0.010000000000
1450039283,440.440000000000,0.250000000000
1450039288,440.400000000000,0.090800000000
1450039293,439.520000000000,0.091000000000
1450039293,439.350000000000,25.000000000000
1450039293,439.460000000000,0.404300000000
1450039294,438.500000000000,1.000000000000
1450039294,438.650000000000,0.091200000000
1450039296,438.110000000000,23.840000000000
1450039332,438.100000000000,2.180000000000
1450039335,437.750000000000,0.319300000000
1450039335,437.770000000000,0.091400000000
1450039372,436.900000000000,0.091600000000
1450039373,436.790000000000,0.618300000000
1450039373,436.790000000000,1.030600000000
1450039469,437.040000000000,1.390000000000
1450039470,437.160000000000,25.000000000000
1450039470,437.350000000000,0.250000000000
1450039477,437.420000000000,0.300000000000
1450039479,437.420000000000,0.290000000000
1450039479,437.420000000000,0.290000000000
1450039481,437.370000000000,0.010000000000
1450039482,437.370000000000,25.000000000000
1450039484,437.340000000000,0.010000000000
1450039493,437.750000000000,0.009900000000
1450039527,437.750000000000,1.080100000000
1450039536,437.770000000000,0.091400000000
1450039539,438.110000000000,0.300000000000
1450039539,438.030000000000,25.000000000000
1450039581,438.380000000000,0.002400000000
1450039876,438.470000000000,0.180000000000
1450039882,438.470000000000,0.020000000000
1450039882,438.470000000000,0.010000000000
1450039883,438.470000000000,0.010000000000
1450041236,437.740000000000,25.000000000000
1450041236,437.740000000000,0.070000000000
1450041266,437.710000000000,0.300000000000
1450041285,437.710000000000,0.010000000000
1450041344,437.060000000000,0.330000000000
1450041355,437.060000000000,0.300000000000
1450041368,437.060000000000,2.400000000000
1450041369,436.900000000000,0.040000000000
1450041369,436.900000000000,0.091600000000
1450041369,436.900000000000,0.160000000000
1450041370,436.830000000000,0.020000000000
1450041381,436.830000000000,0.360000000000
1450041399,436.830000000000,0.350000000000
1450041421,436.400000000000,0.070000000000
1450041421,436.400000000000,0.020000000000
1450041425,436.380000000000,0.050000000000
1450041446,436.300000000000,0.469900000000
1450041446,436.020000000000,0.091700000000
1450041565,435.410000000000,30.000000000000
1450041566,435.410000000000,0.740000000000
1450041577,435.150000000000,0.091900000000
1450041589,434.790000000000,0.643000000000
1450041592,434.790000000000,0.010000000000
1450041592,434.790000000000,0.120000000000
1450041603,434.290000000000,0.092100000000
1450041609,433.450000000000,25.000000000000
1450041609,433.420000000000,0.092300000000
1450041625,432.550000000000,0.092500000000
1450041632,432.440000000000,0.010000000000
1450041632,432.440000000000,0.030000000000
1450041641,433.070000000000,2.190000000000
1450041652,433.050000000000,0.400000000000
1450041736,433.420000000000,0.092300000000
1450041826,434.290000000000,0.092100000000
1450041844,434.900000000000,0.014000000000
1450042298,434.230000000000,0.220000000000
1450042299,434.230000000000,0.010000000000
1450042299,434.230000000000,0.010000000000
1450042300,434.230000000000,0.010000000000
1450042304,434.230000000000,0.020000000000
1450042358,433.420000000000,0.092300000000
1450042359,433.230000000000,1.006600000000
1450042362,433.150000000000,0.020000000000
1450042362,433.150000000000,0.010000000000
1450042373,433.400000000000,0.050000000000
1450042404,432.550000000000,0.092500000000
1450042405,432.250000000000,0.160000000000
1450042464,431.690000000000,0.092700000000
1450042464,432.010000000000,25.000000000000
1450042468,431.540000000000,1.000000000000
1450042470,431.470000000000,0.030000000000
1450042472,431.470000000000,0.030000000000
1450042478,431.090000000000,30.000000000000
1450042478,431.250000000000,0.050000000000
1450042481,431.010000000000,0.010000000000
1450042482,431.010000000000,0.020000000000
1450042736,432.550000000000,0.092500000000
1450042743,432.650000000000,0.319300000000
1450042889,433.420000000000,0.092300000000
1450042927,434.190000000000,0.213300000000
1450042928,434.290000000000,0.092100000000
1450043007,435.150000000000,0.091900000000
1450043008,435.410000000000,30.000000000000
1450043012,435.270000000000,0.880000000000
1450043027,435.750000000000,0.260000000000
1450043027,435.790000000000,0.270000000000
1450043027,435.770000000000,0.270000000000
1450043041,435.840000000000,0.680000000000
1450043973,436.020000000000,0.091700000000
1450043992,436.860000000000,0.278100000000
1450043994,436.900000000000,0.091600000000
1450044053,436.650000000000,2.070000000000
1450044054,436.370000000000,25.000000000000
1450044055,436.020000000000,0.091700000000
1450044067,435.410000000000,5.000000000000
1450044071,435.150000000000,0.091900000000
1450044333,434.420000000000,0.150000000000
1450044334,434.400000000000,0.130000000000
1450044334,434.490000000000,7.000000000000
1450044335,434.850000000000,0.130000000000
1450044957,435.640000000000,2.163500000000
1450045220,435.200000000000,0.250000000000
1450045234,435.200000000000,24.750000000000
1450045298,435.630000000000,0.020000000000
1450045307,435.630000000000,0.020000000000
1450045612,435.160000000000,0.040000000000
1450045615,435.160000000000,0.010000000000
1450045616,435.160000000000,0.010000000000
1450045621,434.890000000000,0.010000000000
1450045700,434.290000000000,0.092100000000
1450045701,434.090000000000,0.060000000000
1450045977,434.070000000000,0.282000000000
1450046508,434.750000000000,0.040000000000
1450046721,434.700000000000,1.380000000000
1450047572,434.510000000000,1.460000000000
1450048832,435.150000000000,0.091900000000
1450049066,435.270000000000,2.000000000000
1450049290,435.580000000000,2.000000000000
1450049642,434.970000000000,0.050000000000
1450049642,434.970000000000,0.110000000000
1450049979,434.290000000000,0.060000000000
1450049979,434.290000000000,0.092100000000
1450049988,434.200000000000,0.020000000000
1450049997,433.820000000000,0.040000000000
1450050010,433.780000000000,25.000000000000
1450050011,433.420000000000,0.092300000000
1450050024,433.160000000000,0.326100000000
1450050069,433.230000000000,0.120000000000
1450050070,433.230000000000,0.010000000000
1450050070,433.030000000000,3.626100000000
1450050262,433.030000000000,0.040000000000
1450050262,433.030000000000,0.360000000000
1450050270,432.890000000000,0.020000000000
1450050286,432.970000000000,25.000000000000
1450050363,433.140000000000,0.076100000000
1450051075,432.550000000000,0.092500000000
1450051075,432.550000000000,0.020200000000
1450051078,432.510000000000,6.219000000000
1450051078,432.550000000000,0.110000000000
1450051078,432.550000000000,0.050000000000
1450051095,432.220000000000,4.572000000000
1450051102,432.160000000000,0.445700000000
1450051103,432.000000000000,5.635000000000
1450051103,432.000000000000,1.000000000000
1450051109,431.900000000000,5.223000000000
1450051371,432.000000000000,1.000000000000
1450051509,432.250000000000,1.000000000000
1450051510,432.000000000000,0.160000000000
1450051511,432.000000000000,0.020000000000
1450051512,432.000000000000,0.010000000000
1450051512,432.000000000000,0.010000000000
1450051513,431.690000000000,0.092700000000
1450051516,431.200000000000,25.000000000000
1450051523,431.090000000000,30.000000000000
1450051526,430.830000000000,0.092800000000
1450051527,430.660000000000,0.697700000000
1450051531,429.560000000000,2.907000000000
1450051531,429.970000000000,0.093000000000
1450051540,429.110000000000,0.093200000000
1450051541,428.670000000000,10.000000000000
1450051550,428.250000000000,0.093400000000
1450051550,428.130000000000,4.906600000000
1450051553,428.590000000000,6.440000000000
1450051553,428.600000000000,0.515000000000
1450051554,428.600000000000,18.560000000000
1450051657,429.110000000000,0.093200000000
1450051658,429.200000000000,0.906800000000
1450051658,429.200000000000,40.000000000000
1450051709,429.200000000000,5.953000000000
1450051710,429.190000000000,0.010000000000
1450051710,429.080000000000,5.284000000000
1450051723,429.570000000000,0.010000000000
1450051795,428.850000000000,4.906000000000
1450051800,428.790000000000,5.172000000000
1450051865,428.250000000000,0.093400000000
1450051865,428.100000000000,24.906600000000
1450051984,428.000000000000,0.208000000000
1450051988,428.000000000000,0.072000000000
1450052004,428.000000000000,0.720000000000
1450052005,428.550000000000,25.000000000000
1450052017,429.010000000000,1.000000000000
1450052043,428.820000000000,24.000000000000
1450052064,429.110000000000,0.093200000000
1450052064,429.000000000000,3.900000000000
1450052129,429.970000000000,0.072000000000
1450052131,429.970000000000,0.021000000000
1450052132,430.260000000000,0.051000000000
1450052637,430.830000000000,0.092800000000
1450053685,431.590000000000,0.306700000000
1450053686,431.690000000000,0.092700000000
1450053891,432.550000000000,0.092500000000
1450053892,432.810000000000,5.305500000000
1450053987,433.420000000000,0.092300000000
1450053994,434.270000000000,51.770000000000
1450053994,434.290000000000,0.092100000000
1450053996,434.290000000000,51.700000000000
1450054145,434.300000000000,3.310000000000
1450054252,433.420000000000,0.020000000000
1450055696,433.550000000000,0.051100000000
1450056348,433.830000000000,1.400000000000
1450057054,434.030000000000,25.000000000000
1450057602,434.020000000000,0.300000000000
1450057603,434.340000000000,0.020000000000
1450058566,435.060000000000,0.042800000000
1450058692,434.830000000000,41.400000000000
1450059787,434.440000000000,26.930000000000
1450059821,434.540000000000,0.010000000000
1450059835,434.540000000000,0.020000000000
1450060076,434.540000000000,3.890000000000
1450060551,434.230000000000,25.000000000000
1450060955,434.450000000000,50.000000000000
1450061001,434.690000000000,50.000000000000
1450061431,435.150000000000,0.091900000000
1450061432,435.310000000000,99.908100000000
1450061459,435.410000000000,30.000000000000
1450061469,435.470000000000,0.019900000000
1450061671,436.020000000000,0.091700000000
1450061673,436.050000000000,0.544600000000
1450061751,436.590000000000,24.750000000000
1450062031,435.910000000000,0.014000000000
1450062873,436.900000000000,0.020000000000
1450062955,436.900000000000,0.071600000000
1450062988,436.980000000000,0.664400000000
1450063474,436.930000000000,0.010000000000
1450063476,436.930000000000,0.010000000000
1450065829,436.020000000000,0.019900000000
1450066133,436.020000000000,0.071800000000
1450070187,436.900000000000,0.091600000000
1450070264,437.770000000000,0.091400000000
1450070467,438.020000000000,6.424000000000
1450070469,438.030000000000,3.576000000000
1450078805,438.350000000000,0.020200000000
1450078806,438.370000000000,15.940000000000
1450078806,438.420000000000,25.000000000000
1450078807,438.650000000000,0.091200000000
1450078808,438.680000000000,0.832100000000
1450079513,438.650000000000,0.091200000000
1450079515,439.040000000000,9.908800000000
1450079830,438.980000000000,109.882700000000
1450079831,438.980000000000,0.117300000000
1450079933,438.940000000000,60.000000000000
1450080022,439.000000000000,20.000000000000
1450081143,438.100000000000,41.520000000000
1450081144,438.010000000000,25.000000000000
1450081565,438.270000000000,8.455300000000
1450081621,438.740000000000,0.160000000000
1450081630,438.400000000000,4.227600000000
1450081635,438.920000000000,0.130000000000
1450081648,438.920000000000,0.170000000000
1450081651,438.930000000000,0.050000000000
1450081668,439.120000000000,4.382000000000
1450081675,439.120000000000,8.054600000000
1450081676,439.520000000000,0.091000000000
1450081677,439.760000000000,0.670800000000
1450081680,439.760000000000,2.276700000000
1450081682,439.760000000000,1.300000000000
1450081683,439.760000000000,0.172600000000
1450081684,439.350000000000,2.113800000000
1450081715,439.360000000000,6.183000000000
1450081716,439.350000000000,1.830400000000
1450081720,439.340000000000,4.606000000000
1450081730,439.340000000000,5.445000000000
1450081736,439.340000000000,6.151000000000
1450081738,439.340000000000,0.784600000000
1450081749,439.420000000000,6.381000000000
1450081768,439.420000000000,18.619000000000
1450081772,439.730000000000,61.381000000000
1450081862,439.210000000000,4.489700000000
1450081899,439.220000000000,2.244800000000
1450081931,439.740000000000,1.122400000000
1450081959,439.740000000000,23.877600000000
1450081961,439.410000000000,25.000000000000
1450081962,439.080000000000,0.561200000000
1450081977,439.580000000000,0.201300000000
1450081979,439.570000000000,0.280600000000
1450082005,439.580000000000,0.596600000000
1450082009,439.580000000000,0.400000000000
1450082009,439.580000000000,0.300000000000
1450082010,439.760000000000,0.500000000000
1450082031,439.190000000000,0.679600000000
1450082036,439.570000000000,0.596600000000
1450082037,439.570000000000,0.300000000000
1450082038,439.570000000000,0.400000000000
1450082039,439.570000000000,0.500000000000
1450082040,439.200000000000,0.500000000000
1450082044,439.200000000000,0.439800000000
1450082061,439.580000000000,0.000800000000
1450082062,439.670000000000,0.499200000000
1450082063,439.200000000000,0.020200000000
1450082064,439.180000000000,0.479800000000
1450082066,439.180000000000,0.020200000000
1450082067,439.080000000000,0.848000000000
1450082085,439.670000000000,0.103200000000
1450082088,439.670000000000,3.067500000000
1450082096,439.100000000000,0.020000000000
1450082099,439.080000000000,0.890800000000
1450082101,439.060000000000,0.010000000000
1450082105,438.860000000000,0.263300000000
1450082115,439.490000000000,3.170700000000
1450082126,439.090000000000,0.890800000000
1450082130,439.090000000000,1.878600000000
1450082149,439.620000000000,3.170700000000
1450082159,438.860000000000,2.486900000000
1450082166,438.860000000000,0.022800000000
1450082201,439.480000000000,0.140900000000
1450082202,439.480000000000,0.260300000000
1450082207,438.860000000000,2.991400000000
1450082208,438.860000000000,1.092200000000
1450082214,439.480000000000,0.111100000000
1450082215,439.480000000000,0.290100000000
1450082217,438.860000000000,2.028900000000
1450082219,438.860000000000,2.266700000000
1450082232,439.480000000000,0.300000000000
1450082242,439.730000000000,0.101200000000
1450082244,439.340000000000,4.496200000000
1450082264,439.760000000000,0.300000000000
1450082265,439.760000000000,0.101200000000
1450082268,439.490000000000,2.598700000000
1450082300,439.740000000000,0.110000000000
1450082301,439.750000000000,0.291200000000
1450082303,439.480000000000,1.350000000000
1450082320,439.750000000000,0.275000000000
1450082330,439.630000000000,0.126200000000
1450082335,439.030000000000,0.875600000000
1450082362,439.630000000000,0.275000000000
1450082368,439.630000000000,0.126200000000
1450082370,439.040000000000,0.638400000000
1450082376,439.630000000000,0.126200000000
1450082376,439.630000000000,0.275000000000
1450082377,439.030000000000,0.519800000000
1450082392,439.630000000000,0.275000000000
1450082393,439.630000000000,0.126200000000
1450082394,438.980000000000,0.598000000000
1450082420,439.540000000000,0.411200000000
1450082425,438.990000000000,0.362100000000
1450082449,439.290000000000,0.300000000000
1450082453,439.290000000000,0.111200000000
1450082454,438.870000000000,0.386600000000
1450082481,439.290000000000,0.300000000000
1450082485,439.290000000000,0.111200000000
1450082488,438.870000000000,0.398900000000
1450082493,439.290000000000,0.411200000000
1450082494,438.860000000000,0.405100000000
1450082516,439.290000000000,0.200000000000
1450082517,439.290000000000,0.211200000000
1450082518,438.880000000000,0.710700000000
1450082546,439.290000000000,0.400000000000
1450082547,439.290000000000,0.011200000000
1450082551,438.880000000000,0.209300000000
1450082552,438.860000000000,0.078400000000
1450082556,438.860000000000,0.173200000000
1450082566,439.290000000000,0.200000000000
1450082569,439.290000000000,0.211200000000
1450082576,438.890000000000,0.561900000000
1450082589,439.260000000000,0.411200000000
1450082602,438.870000000000,0.486500000000
1450082618,439.760000000000,0.411200000000
1450082623,439.440000000000,0.448900000000
1450082636,439.740000000000,0.411200000000
1450082641,439.440000000000,0.430000000000
1450082673,439.740000000000,0.411100000000
1450082682,439.440000000000,0.420600000000
1450082694,439.550000000000,11.800000000000
1450082695,439.550000000000,0.411100000000
1450082703,439.070000000000,0.415900000000
1450082723,439.580000000000,0.060000000000
1450082726,439.580000000000,0.411100000000
1450082733,439.070000000000,0.413500000000
1450082753,439.580000000000,0.400000000000
1450082754,439.580000000000,0.011100000000
1450082757,439.080000000000,0.412300000000
1450082780,439.580000000000,0.411100000000
1450082788,439.070000000000,0.411700000000
1450082806,439.740000000000,0.140000000000
1450082810,439.760000000000,0.271100000000
1450082817,439.230000000000,0.481400000000
1450082840,439.760000000000,0.300000000000
1450082844,439.760000000000,0.111100000000
1450082846,439.230000000000,0.376200000000
1450082865,439.760000000000,0.300000000000
1450082872,439.760000000000,0.111100000000
1450082876,439.230000000000,0.393700000000
1450082905,439.760000000000,0.300000000000
1450082913,439.760000000000,0.111100000000
1450082920,439.220000000000,0.402400000000
1450082932,439.760000000000,0.391000000000
1450082936,439.230000000000,0.406700000000
1450082962,439.760000000000,0.300000000000
1450082967,439.760000000000,0.091000000000
1450082976,439.230000000000,0.398900000000
1450082992,439.760000000000,0.391000000000
1450082996,439.220000000000,0.394900000000
1450083002,439.760000000000,0.250000000000
1450083007,439.350000000000,0.141000000000
1450083008,439.230000000000,0.377000000000
1450083036,439.360000000000,0.325000000000
1450083037,439.350000000000,0.004500000000
1450083055,439.750000000000,0.175000000000
1450083096,439.350000000000,0.061500000000
1450083097,439.220000000000,0.355500000000
1450083113,439.760000000000,0.300000000000
1450083117,439.760000000000,0.091000000000
1450083125,439.220000000000,0.389200000000
1450083152,439.740000000000,0.130000000000
1450083153,439.750000000000,0.261000000000
1450083160,438.940000000000,0.240100000000
1450083187,439.390000000000,0.300000000000
1450083188,439.390000000000,0.091000000000
1450083231,439.400000000000,0.391000000000
1450083232,438.950000000000,0.070000000000
1450083234,438.940000000000,0.441100000000
1450083266,439.400000000000,0.391000000000
1450083270,438.960000000000,0.100000000000
1450083271,438.940000000000,0.351000000000
1450083292,439.400000000000,0.300000000000
1450083296,439.600000000000,0.091000000000
1450083300,438.940000000000,0.421000000000
1450083325,439.750000000000,0.300000000000
1450083333,439.730000000000,0.020000000000
1450083334,439.750000000000,0.071000000000
1450083336,438.950000000000,0.406000000000
1450083353,439.350000000000,0.391000000000
1450083354,438.940000000000,0.007500000000
1450083388,439.350000000000,0.391000000000
1450083392,439.170000000000,0.003800000000
1450083409,439.350000000000,0.391000000000
1450083410,439.170000000000,0.001900000000
1450083450,439.350000000000,0.391000000000
1450083454,439.170000000000,0.000900000000
1450083472,439.680000000000,0.391000000000
1450083473,439.170000000000,0.000500000000
1450083484,439.680000000000,0.391000000000
1450083485,439.170000000000,0.000200000000
1450083522,439.680000000000,0.391000000000
1450083576,439.690000000000,0.300000000000
1450083581,439.750000000000,0.091000000000
1450083585,439.170000000000,0.586600000000
1450083604,439.750000000000,0.391000000000
1450083612,439.170000000000,0.488800000000
1450083629,439.750000000000,0.391000000000
1450083637,439.170000000000,0.635400000000
1450083662,439.360000000000,0.317700000000
1450083700,439.350000000000,0.317700000000
1450083729,439.350000000000,0.073300000000
1450083744,439.350000000000,0.244400000000
1450083758,439.590000000000,0.317700000000
1450083765,439.590000000000,0.073300000000
1450083792,439.350000000000,0.354400000000
1450083818,439.350000000000,0.036600000000
1450083819,439.350000000000,0.317800000000
1450083844,439.350000000000,0.170000000000
1450083846,439.350000000000,0.184400000000
1450083882,439.520000000000,0.354400000000
1450083911,439.670000000000,0.177200000000
1450083943,439.760000000000,0.391000000000
1450083947,439.680000000000,0.177200000000
1450083964,439.760000000000,0.391000000000
1450083971,439.670000000000,0.479600000000
1450084004,439.760000000000,0.175000000000
1450084010,439.760000000000,0.216000000000
1450084018,439.670000000000,0.239800000000
1450084044,439.670000000000,0.315400000000
1450084068,439.760000000000,0.250000000000
1450084069,439.760000000000,0.141000000000
1450084074,439.420000000000,0.353200000000
1450084101,439.760000000000,0.250000000000
1450084107,439.760000000000,0.141000000000
1450084136,439.760000000000,0.300000000000
1450084140,439.760000000000,0.091000000000
1450084142,439.390000000000,0.320000000000
1450084145,439.380000000000,0.052100000000
1450084160,439.370000000000,0.381500000000
1450084172,439.760000000000,0.300000000000
1450084179,439.760000000000,0.091000000000
1450084187,439.390000000000,0.030000000000
1450084188,439.380000000000,0.160800000000
1450084198,439.760000000000,0.391000000000
1450084208,439.390000000000,0.010000000000
1450084209,439.380000000000,0.280900000000
1450084230,439.760000000000,0.125000000000
1450084232,439.760000000000,0.266000000000
1450084233,439.620000000000,0.340900000000
1450084250,439.760000000000,0.175000000000
1450084251,439.760000000000,0.216000000000
1450084253,439.640000000000,0.140000000000
1450084255,439.620000000000,0.226000000000
1450084262,439.760000000000,17.039100000000
1450084265,440.000000000000,50.000000000000
1450084288,439.850000000000,0.378500000000
1450084307,440.390000000000,0.030000000000
1450084310,440.390000000000,0.361000000000
1450084314,439.850000000000,0.189200000000
1450084332,440.370000000000,0.040000000000
1450084336,440.390000000000,0.351000000000
1450084401,440.370000000000,0.030000000000
1450084405,440.380000000000,0.361000000000
1450084409,439.860000000000,0.485600000000
1450084431,440.020000000000,0.391000000000
1450084435,439.590000000000,0.438300000000
1450084452,440.020000000000,0.391000000000
1450084466,439.960000000000,0.414700000000
1450084468,440.400000000000,0.090800000000
1450084469,440.490000000000,0.300200000000
1450084470,439.960000000000,0.402800000000
1450084495,440.780000000000,0.200000000000
1450084505,440.780000000000,0.191000000000
1450084506,439.960000000000,0.396900000000
1450084533,440.780000000000,0.297900000000
1450084534,440.780000000000,0.093100000000
1450084537,440.130000000000,0.394000000000
1450084553,440.780000000000,0.200000000000
1450084553,440.780000000000,0.191000000000
1450084560,440.130000000000,0.392500000000
1450084571,440.770000000000,0.391000000000
1450084585,440.120000000000,0.391700000000
1450084594,440.770000000000,0.161200000000
1450084598,440.770000000000,0.229800000000
1450084602,440.120000000000,0.472000000000
1450084620,440.780000000000,0.300000000000
1450084623,440.780000000000,0.091000000000
1450084628,440.120000000000,0.350900000000
1450084645,440.780000000000,0.391000000000
1450084649,440.160000000000,0.370900000000
1450084669,440.800000000000,0.391000000000
1450084670,440.120000000000,0.381000000000
1450084700,440.790000000000,0.391000000000
1450084709,440.130000000000,0.386000000000
1450084727,440.790000000000,0.391000000000
1450084732,440.120000000000,0.388500000000
1450084749,440.790000000000,0.391000000000
1450084760,440.120000000000,0.585200000000
1450084777,440.790000000000,0.300000000000
1450084783,440.790000000000,0.091000000000
1450084791,440.300000000000,0.292600000000
1450084805,440.790000000000,0.300000000000
1450084809,440.790000000000,0.091000000000
1450084826,440.300000000000,0.341800000000
1450084830,440.490000000000,0.300000000000
1450084831,440.300000000000,0.066400000000
1450084833,440.490000000000,0.300000000000
1450084834,440.300000000000,0.024600000000
1450084836,440.300000000000,0.041800000000
1450084851,440.350000000000,0.360000000000
1450084853,440.320000000000,0.366400000000
1450084889,440.340000000000,0.391000000000
1450084894,440.320000000000,0.363200000000
1450084904,440.800000000000,0.391000000000
1450084909,440.320000000000,0.270400000000
1450084910,440.300000000000,0.049200000000
1450084911,440.210000000000,0.031000000000
1450084915,440.160000000000,0.026500000000
1450084927,440.870000000000,0.150000000000
1450084931,440.870000000000,0.241000000000
1450084940,440.160000000000,0.424200000000
1450084956,440.870000000000,0.150000000000
1450084960,440.870000000000,0.241000000000
1450084961,440.170000000000,0.380000000000
1450084963,440.150000000000,0.027600000000
1450084977,440.870000000000,0.150000000000
1450084978,440.870000000000,0.241000000000
1450084985,440.200000000000,0.010000000000
1450084992,440.150000000000,0.464300000000
1450085033,440.860000000000,0.391000000000
1450085037,440.350000000000,0.553100000000
1450085070,440.840000000000,0.150000000000
1450085071,440.860000000000,0.097700000000
1450085079,439.990000000000,0.351600000000
1450085094,440.840000000000,0.020000000000
1450085095,440.860000000000,0.227700000000
1450085103,440.860000000000,0.143300000000
1450085107,440.190000000000,0.348500000000
1450085121,440.860000000000,0.391000000000
1450085198,440.840000000000,0.030000000000
1450085202,440.860000000000,0.270000000000
1450085206,440.860000000000,0.091000000000
1450085215,440.190000000000,0.441400000000
1450085258,440.860000000000,0.391000000000
1450085263,440.190000000000,0.416200000000
1450085282,440.860000000000,0.391000000000
1450085287,440.190000000000,0.599100000000
1450085315,440.460000000000,0.300000000000
1450085316,440.460000000000,0.091000000000
1450085335,439.900000000000,0.495000000000
1450085361,440.460000000000,0.157700000000
1450085364,440.460000000000,0.233300000000
1450085366,439.920000000000,0.080000000000
1450085370,439.900000000000,0.167500000000
1450085384,440.460000000000,0.158700000000
1450085385,440.460000000000,0.232300000000
1450085391,439.920000000000,0.030000000000
1450085394,439.900000000000,0.484800000000
1450085508,440.390000000000,0.030000000000
1450085602,441.010000000000,0.257400000000
1450085615,441.010000000000,0.128700000000
1450085643,440.960000000000,0.064300000000
1450085696,441.280000000000,0.090600000000
1450085698,441.280000000000,1.482600000000
1450085802,441.650000000000,0.123000000000
1450085814,441.650000000000,0.300000000000
1450085978,442.170000000000,0.090500000000
1450085979,442.260000000000,2.109500000000
1450086085,443.000000000000,0.300000000000
1450086091,443.000000000000,0.054000000000
1450086092,443.000000000000,0.311700000000
1450086099,443.000000000000,0.030000000000
1450086112,443.000000000000,0.300000000000
1450086125,443.000000000000,0.290000000000
1450086144,443.000000000000,0.061000000000
1450086154,443.000000000000,0.250000000000
1450086166,443.000000000000,0.010000000000
1450086174,443.000000000000,0.772000000000
1450086187,443.000000000000,0.250000000000
1450086204,443.000000000000,6.500000000000
1450086237,443.000000000000,0.300000000000
1450086252,443.000000000000,40.571300000000
1450086265,443.050000000000,0.090300000000
1450086270,442.820000000000,0.278000000000
1450086288,442.170000000000,0.090500000000
1450086294,441.940000000000,0.300000000000
1450086299,441.280000000000,0.090600000000
1450086320,441.390000000000,2.380000000000
1450086363,440.910000000000,0.920000000000
1450086639,441.130000000000,25.000000000000
1450086640,440.670000000000,0.630000000000
1450086685,440.660000000000,0.427100000000
1450086685,441.160000000000,25.000000000000
1450086693,441.000000000000,0.530000000000
1450086704,441.480000000000,5.479000000000
1450086743,441.450000000000,0.010000000000
1450086808,440.900000000000,25.000000000000
1450086965,442.170000000000,0.090500000000
1450086965,441.950000000000,0.049000000000
1450086983,441.530000000000,0.050000000000
1450086987,441.490000000000,6.321000000000
1450086988,441.490000000000,0.050000000000
1450087171,442.680000000000,6.411000000000
1450087172,442.680000000000,25.000000000000
1450087297,443.050000000000,0.090300000000
1450087297,443.120000000000,5.805000000000
1450087516,442.190000000000,1.080000000000
1450087539,442.170000000000,0.090500000000
1450087543,442.340000000000,0.330000000000
1450087692,441.280000000000,0.090600000000
1450087714,440.400000000000,0.090800000000
1450087748,439.780000000000,5.154000000000
1450087776,439.520000000000,0.091000000000
1450087777,439.480000000000,0.401500000000
1450087791,439.650000000000,1.630000000000
1450088082,439.740000000000,4.705000000000
1450088164,440.400000000000,0.090800000000
1450088306,440.390000000000,0.460000000000
1450089348,441.320000000000,0.062200000000
1450089348,441.280000000000,0.090600000000
1450089454,442.120000000000,3.680000000000
1450089457,442.140000000000,0.057800000000
1450089458,442.170000000000,0.090500000000
1450089695,443.050000000000,0.090300000000
1450089725,443.160000000000,0.075000000000
1450090385,443.330000000000,25.000000000000
1450090416,443.470000000000,0.100000000000
1450090417,444.150000000000,28.960000000000
1450090417,443.940000000000,0.090100000000
1450090420,444.160000000000,30.000000000000
1450090445,443.550000000000,25.000000000000
1450090506,444.160000000000,25.000000000000
1450090615,444.680000000000,0.122200000000
1450090620,444.820000000000,0.089900000000
1450090625,445.710000000000,0.089700000000
1450090649,445.320000000000,5.929000000000
1450090657,445.020000000000,14.833600000000
1450090658,445.050000000000,7.558900000000
1450090664,444.820000000000,0.089900000000
1450090668,444.660000000000,1.162500000000
1450090682,444.970000000000,4.652000000000
1450090684,444.780000000000,2.751700000000
1450090685,444.970000000000,0.719700000000
1450090687,445.020000000000,5.036300000000
1450090688,445.020000000000,4.447800000000
1450090689,445.710000000000,0.089700000000
1450091314,445.890000000000,5.320000000000
1450091852,445.820000000000,0.300000000000
1450091868,445.830000000000,0.057000000000
1450092484,445.520000000000,23.530000000000
1450092525,444.830000000000,0.300000000000
1450092562,445.570000000000,5.040000000000
1450093123,446.040000000000,0.060400000000
1450093376,444.820000000000,0.089900000000
1450093387,443.970000000000,25.000000000000
1450093388,443.940000000000,0.090100000000
1450093390,444.010000000000,6.798000000000
1450093415,443.080000000000,0.399400000000
1450093415,443.050000000000,0.090300000000
1450093446,442.170000000000,0.090500000000
1450093447,442.120000000000,8.570000000000
1450093471,441.340000000000,0.060000000000
1450093486,441.280000000000,0.090600000000
1450093487,440.400000000000,0.090800000000
1450093565,441.280000000000,0.090600000000
1450093596,442.170000000000,0.090500000000
1450093600,442.810000000000,15.980000000000
1450093601,443.050000000000,0.090300000000
1450093606,442.110000000000,23.580000000000
1450093774,442.870000000000,6.307000000000
1450093839,443.220000000000,0.060700000000
1450094545,442.380000000000,0.300000000000
1450094552,442.170000000000,0.090500000000
1450094636,441.280000000000,0.090600000000
1450094824,442.170000000000,0.090500000000
1450095245,443.050000000000,0.090300000000
1450095390,442.690000000000,0.560000000000
1450095391,442.410000000000,3.140000000000
1450095393,442.330000000000,0.010000000000
1450095596,442.910000000000,0.019700000000
1450096192,443.880000000000,0.079200000000
1450096203,443.940000000000,0.090100000000
1450096985,444.430000000000,79.184600000000
1450097150,444.820000000000,0.089900000000
1450097165,444.850000000000,0.298000000000
1450097181,444.790000000000,75.888500000000
1450097426,444.500000000000,34.778500000000
1450097459,444.430000000000,5.294000000000
1450097461,444.420000000000,72.239800000000
1450097465,444.400000000000,2.466200000000
1450097522,445.000000000000,14.800000000000
1450097556,444.720000000000,70.404100000000
1450097557,444.700000000000,2.595900000000
1450097607,444.730000000000,0.161100000000
1450097616,445.190000000000,0.104600000000
1450097623,444.740000000000,0.161100000000
1450097647,445.550000000000,0.161000000000
1450098627,444.390000000000,0.300000000000
1450098631,443.940000000000,0.090100000000
1450099443,444.820000000000,0.089900000000
1450099867,445.000000000000,1.000000000000
1450100108,443.940000000000,0.090100000000
1450100127,443.850000000000,1.910000000000
1450100392,443.910000000000,8.000000000000
1450100974,444.750000000000,2.000000000000
1450101375,444.820000000000,0.089900000000
1450101518,444.590000000000,0.022400000000
1450101691,444.960000000000,0.202400000000
1450102437,444.390000000000,16.780000000000
1450102624,443.940000000000,0.090100000000
1450103514,443.340000000000,1.000000000000
1450103529,443.340000000000,1.000000000000
1450103556,443.340000000000,1.000000000000
1450103575,443.330000000000,1.000000000000
1450103582,443.330000000000,1.000000000000
1450103604,443.330000000000,1.000000000000
1450103610,443.330000000000,1.000000000000
1450103620,443.340000000000,1.000000000000
1450103630,443.330000000000,1.000000000000
1450103645,443.340000000000,1.000000000000
1450103662,443.700000000000,1.000000000000
1450103680,443.670000000000,1.000000000000
1450103684,443.670000000000,24.000000000000
1450103725,443.400000000000,1.000000000000
1450103828,443.900000000000,0.300000000000
1450103842,443.900000000000,0.069000000000
1450103845,443.900000000000,0.250000000000
1450103852,443.900000000000,1.381000000000
1450104065,444.300000000000,3.000000000000
1450104386,444.820000000000,0.089900000000
1450104537,445.600000000000,5.000000000000
1450104800,445.500000000000,110.410100000000
1450104801,445.500000000000,105.643900000000
1450104802,445.500000000000,99.702300000000
1450104803,445.500000000000,95.341300000000
1450104804,445.500000000000,88.902400000000
1450105188,445.650000000000,25.000000000000
1450105211,446.040000000000,0.021400000000
1450105224,445.990000000000,0.250400000000
1450105250,445.990000000000,0.458600000000
1450105369,446.120000000000,0.728000000000
1450106397,444.820000000000,0.089900000000
1450106398,444.800000000000,15.000000000000
1450106398,444.810000000000,0.058000000000
1450106459,444.290000000000,0.300000000000
1450106461,444.250000000000,0.013900000000
1450106475,443.940000000000,0.090100000000
1450106580,443.330000000000,20.000000000000
1450106650,443.470000000000,0.060000000000
1450106650,443.780000000000,20.200000000000
1450106911,444.810000000000,15.930000000000
1450106912,444.820000000000,0.089900000000
1450106991,444.970000000000,87.637200000000
1450106995,445.000000000000,12.362800000000
1450107070,444.400000000000,50.000000000000
1450107071,444.370000000000,1.000000000000
1450107084,444.300000000000,1.000000000000
1450107101,444.580000000000,15.930000000000
1450107184,444.370000000000,5.295000000000
1450107306,444.020000000000,1.414900000000
1450107487,444.310000000000,0.850000000000
1450107709,444.430000000000,0.416500000000
1450107789,444.420000000000,0.010000000000
1450107814,444.350000000000,1.000000000000
1450107992,443.810000000000,0.333300000000
1450107992,443.940000000000,0.090100000000
1450107996,443.790000000000,1.548400000000
1450107999,443.710000000000,0.333300000000
1450107999,443.670000000000,0.222200000000
1450108004,443.550000000000,10.430000000000
1450108042,443.070000000000,10.140000000000
1450108045,443.050000000000,0.090300000000
1450108056,442.870000000000,0.390000000000
1450108101,442.270000000000,1.000000000000
1450108119,442.940000000000,1.000000000000
1450108175,443.280000000000,0.222200000000
1450108297,443.470000000000,7.760000000000
1450108402,442.790000000000,4.437600000000
1450108672,443.190000000000,20.000000000000
1450109006,443.790000000000,0.417100000000
1450109241,443.630000000000,1.970800000000
1450109250,443.500000000000,1.970800000000
1450109263,443.940000000000,0.090100000000
1450109267,444.150000000000,1.880600000000
1450109289,444.150000000000,8.119400000000
1450109351,444.230000000000,0.071900000000
1450109937,444.080000000000,10.000000000000
1450110066,444.350000000000,0.043500000000
1450110291,444.820000000000,0.089900000000
1450110329,445.020000000000,0.093800000000
1450110384,445.390000000000,0.300000000000
1450110430,445.440000000000,7.500000000000
1450110573,445.060000000000,0.040000000000
1450110689,445.060000000000,0.010000000000
1450110785,445.010000000000,0.005000000000
1450110814,445.220000000000,25.000000000000
1450110821,445.400000000000,100.000000000000
1450110888,445.710000000000,0.089700000000
1450110890,445.870000000000,14.910300000000
1450111401,445.300000000000,0.010000000000
1450111580,445.300000000000,0.005000000000
1450111661,446.100000000000,0.005000000000
1450111837,446.260000000000,0.013900000000
1450111870,446.410000000000,0.123100000000
1450111881,446.600000000000,0.089600000000
1450111882,446.960000000000,17.640000000000
1450111888,446.990000000000,0.006100000000
1450111983,447.060000000000,0.300000000000
1450111984,447.250000000000,1.000000000000
1450112022,447.410000000000,0.014000000000
1450112032,447.500000000000,0.089400000000
1450112071,447.630000000000,1.210400000000
1450112090,447.630000000000,0.003800000000
1450112287,447.210000000000,0.513500000000
1450112321,447.150000000000,6.162000000000
1450112386,447.050000000000,0.005500000000
1450112440,447.140000000000,0.740000000000
1450112469,446.870000000000,0.260000000000
1450112614,446.600000000000,0.003200000000
1450112624,446.600000000000,0.003200000000
1450112637,446.990000000000,0.003100000000
1450112647,446.990000000000,0.003100000000
1450112665,446.600000000000,0.003000000000
1450112910,447.170000000000,5.237000000000
1450112941,447.170000000000,0.003300000000
1450112978,447.170000000000,0.037800000000
1450113162,447.170000000000,5.831900000000
1450113392,446.610000000000,0.010000000000
1450113456,446.940000000000,0.002700000000
1450113923,447.020000000000,0.300000000000
1450114053,447.180000000000,0.300000000000
1450114089,447.350000000000,3.400000000000
1450114146,447.400000000000,0.032000000000
1450114282,446.850000000000,0.005000000000
1450114434,446.850000000000,7.100000000000
1450114624,446.850000000000,0.007000000000
1450114645,447.400000000000,0.955000000000
1450114918,446.850000000000,26.340000000000
1450114930,446.600000000000,0.080200000000
1450115486,445.710000000000,0.030000000000
1450116158,446.220000000000,0.134900000000
1450116192,446.220000000000,0.041900000000
1450116575,446.220000000000,0.400000000000
1450117031,446.000000000000,2.000000000000
1450117225,446.020000000000,8.000000000000
1450117556,445.740000000000,0.066900000000
1450117770,446.000000000000,25.000000000000
1450117773,445.710000000000,0.059700000000
1450117777,445.710000000000,2.000000000000
1450117778,445.690000000000,0.604000000000
1450117778,445.660000000000,0.500000000000
1450118143,445.770000000000,1.218600000000
1450118155,445.770000000000,0.404400000000
1450118343,446.130000000000,36.900000000000
1450118377,446.210000000000,0.050000000000
1450118401,446.210000000000,0.030000000000
1450118493,446.000000000000,0.013900000000
1450119628,445.410000000000,0.315800000000
1450120020,445.480000000000,0.250000000000
1450120675,445.490000000000,1.051500000000
1450120676,445.720000000000,0.074100000000
1450120680,445.720000000000,2.874400000000
1450120841,445.410000000000,0.500000000000
1450121049,445.300000000000,0.284000000000
1450121843,445.010000000000,0.055000000000
1450122270,444.820000000000,0.089900000000
1450122343,444.350000000000,4.244000000000
1450122354,444.350000000000,0.712500000000
1450122627,444.250000000000,11.220000000000
1450123113,443.940000000000,0.090100000000
1450123117,443.930000000000,0.043900000000
1450123313,443.710000000000,0.444400000000
1450123313,443.530000000000,0.368000000000
1450123314,443.190000000000,25.000000000000
1450123315,443.160000000000,0.777700000000
1450123318,443.160000000000,0.222200000000
1450123321,443.050000000000,0.090300000000
1450123345,443.280000000000,30.370000000000
1450123349,442.910000000000,0.444400000000
1450123352,442.610000000000,0.222200000000
1450123355,442.520000000000,15.290000000000
1450123356,442.400000000000,0.222200000000
1450123373,442.830000000000,14.740000000000
1450123389,442.170000000000,0.090500000000
1450123390,442.160000000000,0.333300000000
1450123391,442.100000000000,0.030000000000
1450123438,442.080000000000,0.333300000000
1450123857,442.910000000000,0.222200000000
1450124077,442.500000000000,0.570000000000
1450124268,442.770000000000,0.333300000000
1450124496,442.610000000000,0.333300000000
1450124497,442.500000000000,19.430000000000
1450124507,442.330000000000,0.333000000000
1450124519,442.090000000000,12.840000000000
1450125164,442.770000000000,0.945000000000
1450125452,443.050000000000,0.090300000000
1450126043,443.140000000000,0.500000000000
1450126166,443.000000000000,1.750000000000
1450126682,443.310000000000,5.000000000000
1450126773,443.420000000000,50.000000000000
1450126871,443.940000000000,0.090100000000
1450126872,444.270000000000,4.909900000000
1450126923,443.780000000000,10.000000000000
1450126978,444.100000000000,10.000000000000
1450126979,444.530000000000,0.095600000000
1450127013,444.820000000000,0.089900000000
1450127013,445.000000000000,97.991600000000
1450127031,445.000000000000,2.008400000000
1450127266,445.710000000000,0.089700000000
1450127282,445.710000000000,0.160300000000
1450127610,445.710000000000,38.000000000000
1450127700,445.710000000000,2.000000000000
1450127701,445.770000000000,0.120000000000
1450127975,445.990000000000,1.505000000000
1450128153,445.630000000000,10.000000000000
1450128188,445.580000000000,0.050000000000
1450128269,445.580000000000,0.020000000000
1450128560,444.820000000000,0.089900000000
1450128665,444.560000000000,0.470100000000
1450128818,444.580000000000,0.086500000000
1450128946,444.540000000000,0.300000000000
1450129065,445.070000000000,5.000000000000
1450129184,444.780000000000,5.000000000000
1450129250,444.450000000000,5.000000000000
1450129390,443.950000000000,0.112000000000
1450129396,444.520000000000,4.888000000000
1450129586,445.120000000000,5.000000000000
1450129685,444.970000000000,0.076000000000
1450129850,444.400000000000,4.830000000000
1450129856,443.950000000000,6.320000000000
1450129857,443.940000000000,0.090100000000
1450129858,443.780000000000,0.358400000000
1450129861,443.610000000000,25.000000000000
1450129884,443.210000000000,5.000000000000
1450129886,443.200000000000,0.300000000000
1450129886,443.060000000000,6.340000000000
1450129887,443.050000000000,0.090300000000
1450129888,443.050000000000,25.000000000000
1450129890,442.910000000000,25.000000000000
1450129908,442.940000000000,25.000000000000
1450129915,442.350000000000,25.000000000000
1450129916,442.170000000000,0.090500000000
1450129919,442.340000000000,0.012000000000
1450129927,441.680000000000,0.262000000000
1450129929,441.680000000000,0.466000000000
1450129944,441.570000000000,25.000000000000
1450129952,442.010000000000,0.480000000000
1450129952,441.560000000000,25.000000000000
1450129966,441.630000000000,0.012000000000
1450129970,441.310000000000,0.415800000000
1450129971,441.280000000000,0.090600000000
1450129972,441.210000000000,0.150000000000
1450129976,441.200000000000,2.343600000000
1450129979,441.630000000000,25.000000000000
1450130005,441.650000000000,0.690000000000
1450130009,441.010000000000,3.032500000000
1450130027,441.650000000000,5.000000000000
1450130069,441.090000000000,0.085000000000
1450130071,441.010000000000,10.000000000000
1450130074,441.000000000000,10.533300000000
1450130075,441.000000000000,6.533300000000
1450130079,441.090000000000,0.113000000000
1450130082,441.090000000000,0.036000000000
1450130086,441.090000000000,0.015000000000
1450130092,441.090000000000,0.185000000000
1450130135,441.080000000000,0.300000000000
1450130136,441.080000000000,0.040000000000
1450130136,441.080000000000,0.040000000000
1450130172,440.800000000000,0.168000000000
1450130200,440.810000000000,0.723000000000
1450130204,440.810000000000,5.000000000000
1450130212,440.440000000000,2.590000000000
1450130226,440.440000000000,0.008000000000
1450130231,440.810000000000,0.948000000000
1450130251,441.250000000000,5.000000000000
1450130258,441.380000000000,1.230000000000
1450130261,441.240000000000,11.366200000000
1450130264,441.040000000000,14.991100000000
1450130267,440.880000000000,0.070000000000
1450130277,440.880000000000,5.000000000000
1450130331,440.860000000000,12.870500000000
1450130335,440.850000000000,10.000000000000
1450130338,440.850000000000,0.772200000000
1450130425,440.620000000000,0.186300000000
1450130461,440.620000000000,1.130000000000
1450130480,440.690000000000,5.000000000000
1450130631,440.670000000000,6.266000000000
1450130632,440.400000000000,0.090800000000
1450130632,440.380000000000,2.510000000000
1450130633,440.310000000000,0.568300000000
1450130643,440.200000000000,5.000000000000
1450130651,440.140000000000,6.076000000000
1450130652,440.130000000000,4.507700000000
1450130661,440.000000000000,62.000000000000
1450130662,440.000000000000,17.871500000000
1450130673,440.000000000000,44.128500000000
1450130674,440.000000000000,32.237700000000
1450130677,440.250000000000,0.064000000000
1450130679,440.250000000000,3.630000000000
1450130730,441.100000000000,1.000000000000
1450130770,441.260000000000,0.049300000000
1450130788,441.260000000000,9.320700000000
1450130789,441.280000000000,0.090600000000
1450130793,441.670000000000,5.588700000000
1450130797,441.960000000000,0.049300000000
1450130809,441.170000000000,0.049200000000
1450130906,441.180000000000,0.168000000000
1450130907,441.960000000000,0.186000000000
1450131382,442.050000000000,0.100000000000
1450131399,442.050000000000,0.000100000000
1450131623,442.160000000000,10.000000000000
1450131624,442.170000000000,0.090500000000
1450131838,442.250000000000,10.000000000000
1450131950,442.780000000000,1.900000000000
1450131951,443.050000000000,0.090300000000
1450131955,443.320000000000,3.009700000000
1450132079,443.410000000000,5.000000000000
1450132166,443.390000000000,0.228300000000
1450132170,443.380000000000,0.228300000000
1450132175,442.870000000000,0.228200000000
1450132290,443.420000000000,5.000000000000
1450132372,443.420000000000,0.074900000000
1450132447,443.400000000000,5.000000000000
1450132489,443.430000000000,0.179300000000
1450132490,443.570000000000,4.820700000000
1450133020,443.580000000000,0.256500000000
1450133792,442.980000000000,1.300000000000
1450133810,442.530000000000,5.000000000000
1450133829,442.510000000000,5.000000000000
1450133875,443.230000000000,0.300000000000
1450133884,442.750000000000,0.300000000000
1450133908,443.200000000000,0.300000000000
1450133945,442.510000000000,0.440000000000
1450133977,442.940000000000,0.300000000000
1450134028,442.870000000000,25.000000000000
1450134129,442.630000000000,5.000000000000
1450134216,442.820000000000,4.790000000000
1450134241,442.810000000000,0.271800000000
1450134255,442.800000000000,0.300000000000
1450134273,442.540000000000,0.271800000000
1450134279,442.530000000000,0.360000000000
1450134280,442.170000000000,0.090500000000
1450134282,442.130000000000,0.181200000000
1450134303,442.540000000000,0.550000000000
1450134327,442.840000000000,0.299000000000
1450134330,442.990000000000,4.701000000000
1450134440,442.650000000000,2.380000000000
1450134441,442.660000000000,2.380000000000
1450134448,442.680000000000,0.240000000000
1450134471,442.670000000000,5.000000000000
1450134561,442.560000000000,0.193900000000
1450134597,442.420000000000,0.170000000000
1450134611,442.420000000000,5.000000000000
1450134625,442.750000000000,0.415900000000
1450134645,442.750000000000,0.042200000000
1450134687,442.660000000000,1.455300000000
1450134725,442.660000000000,1.600000000000
1450134740,442.870000000000,0.503800000000
1450134757,442.540000000000,5.000000000000
1450134777,442.660000000000,0.042500000000
1450134807,442.510000000000,0.125600000000
1450134887,442.420000000000,0.140000000000
1450134902,442.420000000000,1.050000000000
1450134925,442.420000000000,0.300000000000
1450134938,442.990000000000,5.000000000000
1450134964,442.520000000000,0.024500000000
1450134988,442.520000000000,5.000000000000
1450135106,442.250000000000,0.370000000000
1450135129,442.610000000000,5.000000000000
1450135235,442.540000000000,0.290000000000
1450135283,442.540000000000,5.000000000000
1450135344,442.550000000000,0.249600000000
1450135470,442.550000000000,5.000000000000
1450135587,442.640000000000,5.000000000000
1450135678,442.610000000000,0.300000000000
1450135710,442.610000000000,0.550000000000
1450135723,442.610000000000,0.830000000000
1450135727,442.770000000000,4.170000000000
1450136223,443.050000000000,0.090300000000
1450136226,443.050000000000,0.170000000000
1450136228,443.110000000000,4.739700000000
1450136311,443.320000000000,5.000000000000
1450136427,443.320000000000,0.030000000000
1450136428,443.320000000000,0.010000000000
1450136432,443.320000000000,0.010000000000
1450136434,443.490000000000,0.010000000000
1450136458,443.510000000000,2.440000000000
1450136536,443.560000000000,5.000000000000
1450136690,443.620000000000,5.000000000000
1450136965,443.820000000000,25.000000000000
1450136967,443.940000000000,0.090100000000
1450137011,444.130000000000,25.000000000000
1450138067,444.480000000000,0.008000000000
1450138349,443.900000000000,0.410000000000
1450138429,444.260000000000,5.000000000000
1450138510,444.240000000000,0.290000000000
1450138513,444.050000000000,6.135000000000
1450138530,443.970000000000,3.717000000000
1450138558,444.500000000000,0.020000000000
1450138559,444.500000000000,0.050000000000
1450138664,444.570000000000,0.230000000000
1450138719,444.470000000000,2.540000000000
1450138833,444.560000000000,5.000000000000
1450138839,444.820000000000,0.052000000000
1450138841,444.820000000000,0.037900000000
1450138842,444.820000000000,0.450000000000
1450138843,445.130000000000,0.034000000000
1450138845,445.130000000000,0.062100000000
1450138846,444.560000000000,0.386000000000
1450138847,444.560000000000,0.350000000000
1450138851,444.560000000000,0.040000000000
1450138855,444.550000000000,4.224000000000
1450138858,445.300000000000,0.401000000000
1450138864,445.300000000000,0.020000000000
1450138866,445.300000000000,0.040000000000
1450138867,445.370000000000,0.102000000000
1450138881,445.010000000000,5.000000000000
1450138885,445.710000000000,0.060000000000
1450139001,444.900000000000,0.130000000000
1450139048,445.330000000000,0.512000000000
1450139051,445.330000000000,0.047000000000
1450139074,445.130000000000,0.092000000000
1450139075,445.130000000000,0.278000000000
1450139077,445.710000000000,0.029700000000
1450139078,445.820000000000,0.056300000000
1450139080,445.110000000000,0.030000000000
1450139083,446.000000000000,0.013900000000
1450139085,446.040000000000,0.016100000000
1450139088,445.590000000000,0.250000000000
1450139093,445.590000000000,0.120000000000
1450139097,445.570000000000,0.189200000000
1450139103,446.040000000000,0.014000000000
1450139133,446.090000000000,0.370000000000
1450139192,446.000000000000,1.000000000000
1450139193,445.950000000000,6.016000000000
1450139205,445.870000000000,0.082800000000
1450139208,445.870000000000,0.037200000000
1450139209,446.220000000000,0.045600000000
1450139228,446.220000000000,0.209000000000
1450139247,446.220000000000,106.043700000000
1450139248,446.220000000000,92.701700000000
1450139251,446.220000000000,0.070000000000
1450139251,446.220000000000,1.000000000000
1450139254,446.200000000000,0.010000000000
1450139255,446.600000000000,0.089600000000
1450139257,446.650000000000,0.010000000000
1450139258,446.650000000000,0.030000000000
1450139271,446.580000000000,0.031000000000
1450139275,446.450000000000,1.000000000000
1450139288,446.810000000000,1.000000000000
1450139304,446.810000000000,1.000000000000
1450139308,446.600000000000,1.000000000000
1450139341,446.810000000000,23.000000000000
1450139342,447.130000000000,25.000000000000
1450139345,447.290000000000,10.000000000000
1450139346,447.290000000000,10.000000000000
1450139346,447.290000000000,10.000000000000
1450139347,447.290000000000,10.000000000000
1450139348,447.290000000000,10.000000000000
1450139365,447.110000000000,0.010000000000
1450139365,447.050000000000,0.010000000000
1450139470,447.000000000000,5.406000000000
1450139491,447.500000000000,0.089400000000
1450139492,447.570000000000,0.377800000000
1450139493,448.280000000000,0.470000000000
1450139595,448.390000000000,0.089200000000
1450139596,448.600000000000,30.000000000000
1450139603,448.420000000000,5.000000000000
1450139763,448.580000000000,0.110000000000
1450139771,448.590000000000,4.383000000000
1450139783,448.590000000000,4.072000000000
1450139792,448.650000000000,5.566000000000
1450139793,448.660000000000,19.434000000000
1450139963,448.250000000000,0.800000000000
1450140004,448.110000000000,1.000000000000
1450140041,447.990000000000,1.000000000000
1450140041,448.090000000000,0.220000000000
1450140093,447.600000000000,0.777700000000
1450140098,447.500000000000,10.000000000000
1450140098,447.500000000000,0.089400000000
1450140102,447.190000000000,32.530000000000
1450140103,447.190000000000,0.760000000000
1450140144,447.080000000000,0.300000000000
1450140152,446.660000000000,0.777700000000
1450140156,446.600000000000,0.089600000000
1450140160,446.120000000000,0.280000000000
1450140162,446.120000000000,0.036000000000
1450140163,446.120000000000,0.089000000000
1450140167,446.120000000000,0.020000000000
1450140171,446.120000000000,0.110000000000
1450140175,446.120000000000,0.754000000000
1450140176,446.040000000000,0.082000000000
1450140177,446.040000000000,5.000000000000
1450140178,446.000000000000,1.000000000000
1450140179,446.000000000000,1.000000000000
1450140180,446.190000000000,1.000000000000
1450140185,446.190000000000,0.701000000000
1450140199,446.650000000000,0.104000000000
1450140237,446.660000000000,0.189000000000
1450140240,446.660000000000,1.000000000000
1450140249,446.660000000000,5.000000000000
1450140266,446.820000000000,4.480000000000
1450140276,446.700000000000,1.000000000000
1450140281,446.700000000000,1.000000000000
1450140286,446.710000000000,1.000000000000
1450140290,446.710000000000,5.000000000000
1450140294,446.820000000000,0.505000000000
1450140296,446.820000000000,1.000000000000
1450140301,446.820000000000,1.000000000000
1450140305,446.980000000000,1.000000000000
1450140306,446.980000000000,0.103000000000
1450140307,447.020000000000,0.076000000000
1450140311,447.020000000000,0.101000000000
1450140325,447.440000000000,0.274000000000
1450140329,447.500000000000,0.089400000000
1450140329,447.480000000000,1.460000000000
1450140333,447.860000000000,0.150000000000
1450140337,447.320000000000,0.311000000000
1450140340,448.390000000000,0.089200000000
1450140366,449.240000000000,5.000000000000
1450140445,449.270000000000,0.471400000000
1450140447,449.290000000000,0.089000000000
1450140454,449.490000000000,0.210000000000
1450140461,449.330000000000,0.080000000000
1450140464,449.490000000000,24.790000000000
1450140472,449.220000000000,0.080000000000
1450140507,449.910000000000,0.010000000000
1450140507,449.910000000000,0.050000000000
1450140726,449.530000000000,0.010000000000
1450140726,449.530000000000,0.230000000000
1450140773,448.980000000000,0.244800000000
1450140812,449.160000000000,0.120000000000
1450140986,449.400000000000,0.161000000000
1450140993,448.740000000000,5.000000000000
1450141032,449.790000000000,0.042900000000
1450141070,449.700000000000,0.022600000000
1450141075,449.700000000000,23.000000000000
1450141101,450.190000000000,0.088900000000
1450141106,451.010000000000,1.000000000000
1450141107,451.040000000000,3.911100000000
1450141108,449.510000000000,0.425000000000
1450141136,449.470000000000,22.000000000000
1450141214,449.710000000000,8.000000000000
1450141215,449.700000000000,1.000000000000
1450141242,449.640000000000,5.000000000000
1450141251,449.750000000000,5.908000000000
1450141263,451.090000000000,0.088700000000
1450141285,451.090000000000,0.008800000000
1450141471,451.010000000000,0.100000000000
1450141533,450.330000000000,9.000000000000
1450141558,450.260000000000,0.637600000000
1450141602,450.240000000000,5.981000000000
1450141606,450.240000000000,6.063000000000
1450141658,450.190000000000,0.088900000000
1450141785,449.290000000000,0.089000000000
1450141964,448.720000000000,0.250000000000
1450141992,448.990000000000,0.300000000000
1450142037,450.190000000000,0.088900000000
1450142040,450.190000000000,0.040000000000
1450142279,449.290000000000,0.089000000000
1450142280,448.870000000000,0.060000000000
1450142461,449.000000000000,7.000000000000
1450142462,448.880000000000,15.480000000000
1450142462,448.860000000000,0.299000000000
1450142471,449.150000000000,3.300000000000
1450142699,449.340000000000,0.063800000000
1450142725,449.340000000000,0.325300000000
1450142861,449.240000000000,5.000000000000
1450142863,449.240000000000,0.030000000000
1450142962,449.380000000000,2.680000000000
1450143040,449.740000000000,0.100000000000
1450143455,450.150000000000,0.003200000000
1450143468,450.150000000000,0.024300000000
1450143519,450.190000000000,0.088900000000
1450143520,450.280000000000,0.429300000000
1450143944,449.820000000000,5.750000000000
1450144223,449.470000000000,0.030000000000
1450144960,449.900000000000,10.000000000000
1450144961,449.900000000000,0.200000000000
1450145049,450.080000000000,5.720000000000
1450145062,450.210000000000,5.924000000000
1450145187,450.860000000000,0.260000000000
1450145274,451.010000000000,6.960000000000
1450145275,451.090000000000,0.088700000000
1450145563,450.790000000000,0.300000000000
1450145564,450.790000000000,0.010000000000
1450145565,450.640000000000,0.300000000000
1450145581,450.190000000000,0.088900000000
1450145646,450.780000000000,0.228000000000
1450145662,450.780000000000,25.000000000000
1450145703,451.000000000000,2.400000000000
1450145704,451.090000000000,0.088700000000
1450145729,451.430000000000,1.000000000000
1450145743,451.430000000000,13.560000000000
1450145750,451.870000000000,0.845800000000
1450145766,451.990000000000,0.088500000000
1450145767,451.990000000000,0.174600000000
1450145804,452.000000000000,2.000000000000
1450145808,452.370000000000,1.000000000000
1450145828,452.250000000000,0.454000000000
1450145875,452.890000000000,0.088300000000
1450145876,453.000000000000,1.000000000000
1450145877,453.080000000000,30.000000000000
1450145900,452.870000000000,1.200000000000
1450145915,453.390000000000,0.500000000000
1450146033,453.490000000000,1.000000000000
1450146043,453.430000000000,12.080000000000
1450146365,453.800000000000,0.088100000000
1450146380,453.800000000000,89.911900000000
1450146431,454.580000000000,9.635200000000
1450146431,453.740000000000,85.364800000000
1450146463,454.180000000000,0.030000000000
1450146541,454.710000000000,0.088000000000
1450146546,454.730000000000,0.949000000000
1450146571,454.870000000000,1.037000000000
1450146580,454.910000000000,1.000000000000
1450146580,455.000000000000,10.000000000000
1450146588,454.820000000000,9.940000000000
1450146594,454.700000000000,1.036900000000
1450146715,455.000000000000,0.500000000000
1450146716,455.070000000000,81.500000000000
1450146747,455.000000000000,8.000000000000
1450146824,455.110000000000,0.900000000000
1450146899,455.000000000000,1.500000000000
1450146999,453.800000000000,0.088100000000
1450147256,452.980000000000,0.007100000000
1450147266,453.770000000000,0.650000000000
1450147612,454.530000000000,0.150000000000
1450147648,452.890000000000,0.088300000000
1450147648,452.810000000000,0.503900000000
1450147657,452.590000000000,9.800000000000
1450147688,452.550000000000,6.870000000000
1450147702,453.440000000000,0.243800000000
1450147706,453.330000000000,10.240000000000
1450148459,453.800000000000,0.088100000000
1450148472,453.940000000000,0.312100000000
1450148489,454.200000000000,0.555500000000
1450148501,454.580000000000,7.400000000000
1450148504,454.710000000000,0.088000000000
1450148511,454.890000000000,7.149000000000
1450148545,455.000000000000,0.013500000000
1450148546,455.000000000000,0.333300000000
1450148574,455.160000000000,0.048900000000
1450148603,455.620000000000,0.087800000000
1450148625,455.580000000000,12.120000000000
1450148629,455.510000000000,0.010000000000
1450148817,456.000000000000,0.333000000000
1450149036,456.000000000000,11.950000000000
1450149102,454.930000000000,1.680000000000
1450149152,455.790000000000,7.000000000000
1450149830,456.490000000000,0.444400000000
1450149831,456.490000000000,0.675600000000
1450149863,456.530000000000,0.087600000000
1450149867,456.800000000000,0.032400000000
1450149873,456.800000000000,0.031100000000
1450149878,456.850000000000,8.195000000000
1450150045,456.950000000000,0.200000000000
1450150151,456.000000000000,1.000000000000
1450150152,455.620000000000,0.087800000000
1450150255,455.190000000000,0.190000000000
1450150266,454.710000000000,0.088000000000
1450150271,454.280000000000,0.383700000000
1450150292,454.020000000000,7.730000000000
1450150293,453.800000000000,0.088100000000
1450150294,453.600000000000,1.000000000000
1450150299,452.890000000000,0.088300000000
1450150304,452.890000000000,0.011700000000
1450150305,452.910000000000,0.730000000000
1450150309,452.920000000000,7.808000000000
1450150318,452.480000000000,0.570000000000
1450150329,451.990000000000,0.088500000000
1450150335,451.870000000000,0.445100000000
1450150337,451.570000000000,6.498400000000
1450150354,451.090000000000,0.088700000000
1450150360,450.190000000000,0.088900000000
1450150372,450.670000000000,8.460000000000
1450150373,450.680000000000,0.640000000000
1450150385,450.790000000000,7.833000000000
1450150386,450.840000000000,22.240000000000
1450150387,450.990000000000,0.960000000000
1450150388,450.880000000000,7.805000000000
1450150390,451.090000000000,0.088700000000
1450150406,451.990000000000,0.088500000000
1450150436,452.190000000000,0.300000000000
1450150439,452.320000000000,11.930000000000
1450150440,452.800000000000,0.311700000000
1450150441,452.890000000000,0.088300000000
1450150451,452.950000000000,1.090000000000
1450150463,452.960000000000,0.157000000000
1450150468,452.960000000000,1.120000000000
1450150480,452.960000000000,7.560000000000
1450150480,452.950000000000,1.000000000000
1450150485,452.980000000000,0.200000000000
1450150489,453.000000000000,0.200000000000
1450150495,452.780000000000,6.627000000000
1450150649,453.490000000000,5.490000000000
1450150656,453.490000000000,0.080000000000
1450150658,453.520000000000,0.920000000000
1450150991,452.500000000000,0.050000000000
1450151007,452.500000000000,0.010000000000
1450151008,452.500000000000,0.010000000000
1450151009,452.500000000000,0.160000000000
1450151012,451.990000000000,0.088500000000
1450151018,452.650000000000,0.300000000000
1450151020,452.040000000000,0.060000000000
1450151020,452.540000000000,0.300000000000
1450151024,451.900000000000,0.333300000000
1450151034,452.200000000000,5.000000000000
1450151063,452.610000000000,0.110000000000
1450151063,452.890000000000,0.088300000000
1450151218,451.990000000000,0.088500000000
1450151222,451.980000000000,0.040000000000
1450151223,451.980000000000,0.040000000000
1450151232,451.980000000000,0.390000000000
1450151241,452.740000000000,16.000000000000
1450151320,451.090000000000,0.088700000000
1450151325,450.870000000000,0.608400000000
1450151327,450.700000000000,0.010000000000
1450151332,451.900000000000,0.020000000000
1450151333,451.990000000000,0.088500000000
1450151337,452.190000000000,0.050000000000
1450151341,452.880000000000,0.201500000000
1450151355,452.000000000000,3.790000000000
1450151365,451.890000000000,0.350000000000
1450151427,452.300000000000,0.910000000000
1450151553,451.740000000000,8.616000000000
1450151558,452.060000000000,0.010000000000
1450151586,452.260000000000,0.020000000000
1450151622,452.370000000000,0.450000000000
1450151767,452.890000000000,0.088300000000
1450151800,453.340000000000,25.000000000000
1450151844,453.800000000000,0.088100000000
1450151844,453.730000000000,0.146700000000
1450151852,453.880000000000,0.010000000000
1450151868,453.890000000000,0.299000000000
1450152442,453.800000000000,0.200000000000
1450152513,453.640000000000,0.290000000000
1450152524,453.640000000000,0.090000000000
1450152528,453.640000000000,0.121100000000
1450152534,453.640000000000,0.580000000000
1450152547,453.640000000000,0.360000000000
1450152567,453.640000000000,0.260000000000
1450152612,453.530000000000,0.340000000000
1450153005,454.120000000000,0.250000000000
