1493881734,1517.110000000000,0.250000000000
1493881734,1517.110000000000,0.060000000000
1493881735,1517.120000000000,0.625000000000
1493881735,1517.110000000000,0.060000000000
1493881735,1517.110000000000,0.269000000000
1493881735,1517.120000000000,0.677000000000
1493881775,1519.800000000000,0.012000000000
1493881793,1517.540000000000,1.560000000000
1493882105,1519.800000000000,0.008700000000
1493882313,1519.800000000000,0.039300000000
1493882314,1519.800000000000,0.007000000000
1493882314,1519.970000000000,0.007000000000
1493883359,1522.260000000000,0.040600000000
1493883695,1517.510000000000,0.000100000000
1493883700,1523.430000000000,3.934000000000
1493883700,1523.450000000000,0.252000000000
1493883701,1523.450000000000,0.249000000000
1493883701,1523.450000000000,0.268000000000
1493883701,1523.450000000000,0.267000000000
1493883702,1523.470000000000,0.070000000000
1493883702,1524.990000000000,0.007000000000
1493883705,1525.000000000000,3.000000000000
1493883819,1525.000000000000,2.000000000000
1493883819,1525.000000000000,0.249000000000
1493883819,1525.000000000000,0.252000000000
1493883820,1525.000000000000,0.124000000000
1493884068,1525.010000000000,0.500000000000
1493884148,1524.990000000000,3.000000000000
1493884149,1524.990000000000,3.000000000000
1493884149,1524.990000000000,3.000000000000
1493884150,1524.990000000000,3.000000000000
1493884255,1525.000000000000,0.249000000000
1493884255,1525.000000000000,20.000000000000
1493884255,1525.000000000000,0.252000000000
1493884256,1525.000000000000,0.268000000000
1493884256,1525.000000000000,0.266000000000
1493884299,1525.010000000000,19.500000000000
1493884300,1525.280000000000,0.007000000000
1493884300,1525.280000000000,0.007000000000
1493884522,1530.000000000000,1.000000000000
1493884523,1530.000000000000,0.007000000000
1493884688,1530.430000000000,0.000300000000
1493884689,1530.430000000000,0.013300000000
1493885012,1535.000000000000,0.013000000000
1493885061,1531.910000000000,0.003600000000
1493885061,1531.910000000000,0.008100000000
1493885433,1535.000000000000,0.008200000000
1493885458,1535.000000000000,3.000000000000
1493886072,1535.000000000000,0.048500000000
1493886373,1535.000000000000,96.930300000000
1493886373,1535.000000000000,0.248000000000
1493886373,1535.000000000000,0.007000000000
1493886374,1535.000000000000,0.007000000000
1493886935,1537.000000000000,0.200000000000
1493886936,1537.000000000000,0.007000000000
1493886954,1539.870000000000,0.000300000000
1493886956,1540.000000000000,10.000000000000
1493886956,1540.000000000000,1.000000000000
1493886958,1540.000000000000,1.000000000000
1493886969,1541.130000000000,0.062300000000
1493886975,1543.210000000000,0.076000000000
1493887589,1550.000000000000,0.014200000000
1493887645,1550.000000000000,0.222000000000
1493887651,1550.000000000000,0.222000000000
1493887660,1550.000000000000,0.246000000000
1493887787,1550.000000000000,0.246000000000
1493887808,1550.000000000000,0.172200000000
1493887808,1550.000000000000,0.049800000000
1493887830,1550.000000000000,14.827800000000
1493887892,1556.000000000000,0.001100000000
1493887919,1556.000000000000,0.998900000000
1493888152,1563.210000000000,0.192000000000
1493888153,1563.210000000000,0.246000000000
1493888153,1563.210000000000,0.007000000000
1493888153,1563.210000000000,0.262000000000
1493888154,1564.990000000000,1.193000000000
1493888210,1564.990000000000,3.823000000000
1493888210,1564.990000000000,0.246000000000
1493888211,1565.000000000000,25.000000000000
1493888211,1565.000000000000,0.260000000000
1493888451,1565.740000000000,1.590000000000
1493888451,1565.730000000000,1.500000000000
1493888451,1565.730000000000,0.000300000000
1493888452,1565.750000000000,0.465900000000
1493888452,1564.970000000000,1.500000000000
1493888452,1565.010000000000,1.034100000000
1493888453,1564.940000000000,1.500000000000
1493888454,1565.760000000000,1.500000000000
1493888454,1565.760000000000,1.500000000000
1493888459,1564.190000000000,0.792000000000
1493888459,1564.190000000000,1.500000000000
1493888460,1564.190000000000,2.205700000000
1493888460,1564.190000000000,0.002300000000
1493888460,1564.190000000000,0.261000000000
1493888460,1564.190000000000,0.246000000000
1493888461,1564.890000000000,1.997900000000
1493888461,1564.220000000000,0.730400000000
1493888461,1564.190000000000,0.243000000000
1493888461,1564.220000000000,0.769600000000
1493888462,1564.890000000000,1.835100000000
1493888462,1565.800000000000,0.283900000000
1493888531,1560.510000000000,0.007800000000
1493888531,1560.510000000000,0.019600000000
1493888532,1560.510000000000,0.015000000000
1493888533,1560.510000000000,0.004100000000
1493888533,1560.510000000000,0.000200000000
1493888534,1560.510000000000,0.000100000000
1493888534,1560.510000000000,0.003200000000
1493888535,1560.510000000000,0.003700000000
1493888535,1560.510000000000,0.003700000000
1493888536,1560.510000000000,0.000400000000
1493888536,1560.510000000000,0.000300000000
1493888591,1559.810000000000,0.057800000000
1493888735,1556.010000000000,1.500000000000
1493888736,1556.010000000000,1.500000000000
1493888737,1556.000000000000,0.001100000000
1493888738,1555.980000000000,1.500000000000
1493888738,1555.950000000000,1.500000000000
1493888739,1555.590000000000,1.500000000000
1493888741,1554.270000000000,0.656000000000
1493888864,1554.350000000000,1.500000000000
1493888865,1554.300000000000,1.500000000000
1493888866,1554.290000000000,2.598200000000
1493888867,1554.290000000000,1.269800000000
1493888867,1554.290000000000,1.462300000000
1493888868,1554.830000000000,2.398500000000
1493888901,1554.820000000000,1.406700000000
1493889126,1554.610000000000,0.017000000000
1493889221,1554.010000000000,0.055100000000
1493889222,1554.010000000000,0.029100000000
1493889223,1554.010000000000,0.000100000000
1493889223,1554.010000000000,0.000100000000
1493889224,1554.010000000000,0.016500000000
1493889277,1554.010000000000,1.399100000000
1493889277,1554.000000000000,1.937800000000
1493889277,1554.000000000000,3.455900000000
1493889277,1554.000000000000,4.335600000000
1493889277,1554.000000000000,0.270700000000
1493889278,1554.000000000000,3.484100000000
1493889278,1554.020000000000,1.500000000000
1493889278,1554.000000000000,1.982400000000
1493889279,1554.000000000000,3.999300000000
1493889279,1554.000000000000,0.534200000000
1493889279,1554.000000000000,3.777300000000
1493889279,1554.020000000000,1.500000000000
1493889279,1554.000000000000,1.867600000000
1493889280,1554.000000000000,1.205400000000
1493889280,1554.000000000000,3.149700000000
1493889280,1554.000000000000,2.548200000000
1493889282,1554.020000000000,1.500000000000
1493889282,1554.000000000000,2.356800000000
1493889292,1554.000000000000,2.461800000000
1493889292,1554.010000000000,1.500000000000
1493889293,1554.000000000000,0.497500000000
1493889293,1554.000000000000,2.633200000000
1493889318,1554.000000000000,4.337600000000
1493889318,1554.000000000000,3.979300000000
1493889352,1554.000000000000,2.282300000000
1493889352,1554.000000000000,1.185600000000
1493889392,1554.060000000000,2.413100000000
1493889393,1554.060000000000,0.586900000000
1493889394,1554.060000000000,0.243000000000
1493889394,1554.060000000000,0.260000000000
1493889394,1554.060000000000,0.261000000000
1493889394,1554.060000000000,0.247000000000
1493889394,1554.060000000000,0.007000000000
1493889394,1554.060000000000,0.314000000000
1493889395,1554.080000000000,0.021200000000
1493889395,1554.060000000000,1.896800000000
1493889416,1554.020000000000,3.811300000000
1493889417,1554.030000000000,1.500000000000
1493889417,1554.000000000000,2.208300000000
1493889417,1554.010000000000,1.500000000000
1493889418,1554.000000000000,1.828100000000
1493889419,1554.000000000000,2.709100000000
1493889419,1554.000000000000,2.902600000000
1493889419,1554.000000000000,0.778700000000
1493889419,1554.030000000000,1.500000000000
1493889420,1554.000000000000,3.148100000000
1493889420,1554.000000000000,0.958600000000
1493889420,1554.000000000000,2.774500000000
1493889420,1554.000000000000,3.184200000000
1493889421,1554.000000000000,3.074500000000
1493889421,1554.000000000000,3.148400000000
1493889422,1554.000000000000,1.002600000000
1493889422,1554.000000000000,3.380400000000
1493889434,1554.020000000000,0.955600000000
1493889434,1554.020000000000,2.044400000000
1493889435,1554.060000000000,1.500000000000
1493889435,1554.390000000000,2.456800000000
1493889435,1554.020000000000,0.543200000000
1493889436,1554.430000000000,1.630300000000
1493889436,1554.110000000000,1.500000000000
1493889437,1554.020000000000,1.369700000000
1493889447,1554.700000000000,3.853000000000
1493889448,1554.690000000000,0.285800000000
1493889461,1554.920000000000,2.358300000000
1493889462,1554.970000000000,0.100000000000
1493889486,1554.710000000000,3.855000000000
1493889487,1554.790000000000,1.500000000000
1493889488,1554.660000000000,1.500000000000
1493889501,1554.910000000000,2.955800000000
1493889538,1556.170000000000,1.500000000000
1493889539,1556.170000000000,1.495000000000
1493889539,1556.170000000000,2.350000000000
1493889539,1556.180000000000,1.500000000000
1493889540,1556.080000000000,1.500000000000
1493889540,1556.180000000000,1.500000000000
1493889546,1556.140000000000,1.500000000000
1493889547,1556.130000000000,1.500000000000
1493889547,1556.510000000000,2.016100000000
1493889548,1556.130000000000,2.834300000000
1493889548,1556.510000000000,0.165700000000
1493889551,1556.290000000000,0.316000000000
1493889552,1556.290000000000,0.316000000000
1493889553,1556.290000000000,0.316000000000
1493889584,1556.750000000000,0.074600000000
1493889586,1555.510000000000,1.500000000000
1493889586,1555.430000000000,1.500000000000
1493889587,1555.430000000000,0.475900000000
1493889590,1555.550000000000,0.028600000000
1493889618,1555.080000000000,2.568900000000
1493889618,1555.080000000000,0.431100000000
1493889619,1555.090000000000,0.248000000000
1493889619,1555.240000000000,0.262000000000
1493889619,1555.240000000000,0.244000000000
1493889619,1555.090000000000,0.261000000000
1493889658,1555.850000000000,1.500000000000
1493889660,1555.570000000000,1.500000000000
1493889660,1555.570000000000,1.500000000000
1493889661,1555.530000000000,1.500000000000
1493889669,1556.040000000000,1.442000000000
1493889669,1555.520000000000,2.905100000000
1493889669,1555.520000000000,1.500000000000
1493889670,1555.520000000000,1.558000000000
1493889704,1556.860000000000,0.000400000000
1493889705,1556.870000000000,0.013000000000
1493889710,1556.870000000000,1.487000000000
1493889711,1555.830000000000,1.500000000000
1493889712,1555.570000000000,1.500000000000
1493889712,1555.440000000000,1.500000000000
1493889713,1555.440000000000,1.500000000000
1493889781,1554.870000000000,2.457000000000
1493889782,1554.870000000000,0.543000000000
1493889783,1554.930000000000,1.796600000000
1493889783,1554.940000000000,1.181700000000
1493889783,1554.870000000000,0.261000000000
1493889783,1554.870000000000,0.248000000000
1493889783,1554.870000000000,0.080000000000
1493889783,1554.870000000000,0.245000000000
1493889784,1554.860000000000,1.203400000000
1493889794,1556.260000000000,0.015700000000
1493889843,1555.080000000000,1.160000000000
1493889843,1555.080000000000,3.840000000000
1493889890,1556.120000000000,1.784800000000
1493889890,1556.130000000000,1.500000000000
1493889891,1556.120000000000,1.000000000000
1493889891,1556.090000000000,1.500000000000
1493889891,1556.120000000000,1.055200000000
1493889892,1556.090000000000,1.500000000000
1493889892,1556.090000000000,1.500000000000
1493889893,1556.080000000000,1.500000000000
1493889901,1556.060000000000,0.414100000000
1493890029,1556.040000000000,3.000000000000
1493890030,1556.040000000000,0.051500000000
1493890030,1556.030000000000,0.315400000000
1493890030,1556.030000000000,2.684600000000
1493890031,1556.040000000000,0.193500000000
1493890031,1556.040000000000,0.262000000000
1493890031,1556.040000000000,0.262000000000
1493890031,1556.050000000000,1.147700000000
1493890031,1556.050000000000,0.352300000000
1493890151,1556.900000000000,0.245000000000
1493890191,1557.260000000000,1.000000000000
1493890332,1558.320000000000,0.248000000000
1493890333,1558.320000000000,0.246000000000
1493890333,1558.320000000000,0.263000000000
1493890333,1558.320000000000,0.262000000000
1493890396,1559.830000000000,0.013000000000
1493890396,1559.830000000000,0.001300000000
1493890659,1560.910000000000,0.105400000000
1493890743,1560.910000000000,1.500000000000
1493890744,1560.400000000000,1.500000000000
1493890745,1560.040000000000,1.500000000000
1493890746,1558.810000000000,1.500000000000
1493890746,1560.210000000000,1.500000000000
1493890747,1558.910000000000,1.500000000000
1493890766,1558.800000000000,1.243100000000
1493890766,1558.800000000000,1.756900000000
1493890767,1558.800000000000,0.248000000000
1493890767,1558.800000000000,0.851900000000
1493890767,1558.800000000000,0.262000000000
1493890767,1558.800000000000,0.648100000000
1493890767,1558.800000000000,0.245000000000
1493890767,1558.800000000000,0.262000000000
1493890768,1558.790000000000,1.726300000000
1493890768,1559.260000000000,1.273700000000
1493890774,1559.350000000000,1.500000000000
1493890774,1559.350000000000,1.500000000000
1493890775,1559.720000000000,1.500000000000
1493890775,1559.450000000000,1.500000000000
1493890776,1559.610000000000,1.500000000000
1493890777,1559.610000000000,1.500000000000
1493890777,1559.580000000000,1.500000000000
1493890783,1559.570000000000,0.014100000000
1493890803,1559.570000000000,1.843000000000
1493890803,1559.570000000000,1.142900000000
1493890804,1559.570000000000,0.188900000000
1493890804,1559.560000000000,1.171100000000
1493890804,1560.390000000000,1.828900000000
1493890804,1559.570000000000,1.311100000000
1493890804,1560.250000000000,1.266400000000
1493890805,1559.560000000000,0.837000000000
1493890805,1560.200000000000,2.163000000000
1493890805,1559.560000000000,0.233600000000
1493890830,1560.180000000000,0.019400000000
1493890929,1559.980000000000,0.000100000000
1493891076,1557.580000000000,1.500000000000
1493891077,1557.660000000000,1.500000000000
1493891088,1557.560000000000,0.246000000000
1493891088,1557.540000000000,1.370300000000
1493891088,1557.560000000000,0.262000000000
1493891088,1557.840000000000,1.629700000000
1493891133,1558.980000000000,1.500000000000
1493891134,1558.630000000000,1.500000000000
1493891135,1558.240000000000,1.500000000000
1493891145,1558.250000000000,2.437900000000
1493891147,1558.240000000000,0.608200000000
1493891147,1558.380000000000,2.391800000000
1493891290,1558.180000000000,1.710800000000
1493891290,1558.180000000000,1.856100000000
1493891318,1558.180000000000,0.249000000000
1493891318,1558.180000000000,0.317000000000
1493891319,1558.180000000000,0.315000000000
1493891319,1558.180000000000,0.114000000000
1493891319,1558.180000000000,0.315000000000
1493891319,1558.180000000000,0.246000000000
1493891319,1558.180000000000,0.315000000000
1493891319,1558.180000000000,0.053000000000
1493891319,1558.180000000000,0.263000000000
1493891320,1558.180000000000,0.145400000000
1493891320,1558.180000000000,0.117600000000
1493891320,1558.180000000000,0.315000000000
1493891402,1557.710000000000,1.500000000000
1493891502,1557.480000000000,0.150000000000
1493891502,1557.480000000000,0.300000000000
1493891503,1557.480000000000,0.003600000000
1493891504,1557.480000000000,0.006500000000
1493891504,1557.480000000000,0.003700000000
1493891504,1557.480000000000,0.000100000000
1493891505,1557.480000000000,0.000200000000
1493891505,1557.480000000000,0.001900000000
1493891734,1557.640000000000,0.007300000000
1493891758,1557.290000000000,1.500000000000
1493891759,1557.260000000000,1.500000000000
1493891759,1557.280000000000,1.500000000000
1493891760,1557.260000000000,1.500000000000
1493891815,1557.230000000000,0.143700000000
1493891815,1557.230000000000,0.144000000000
1493891816,1557.230000000000,0.146700000000
1493891823,1557.220000000000,0.026300000000
1493891826,1557.220000000000,1.473700000000
1493891826,1557.230000000000,0.264000000000
1493891826,1557.230000000000,0.242000000000
1493891852,1557.630000000000,0.011200000000
1493891912,1557.470000000000,1.761500000000
1493891913,1557.470000000000,1.500000000000
1493891927,1557.460000000000,2.283300000000
1493891928,1557.640000000000,0.007000000000
1493892003,1558.100000000000,0.026300000000
1493892004,1558.100000000000,0.000300000000
1493892004,1558.100000000000,0.003700000000
1493892268,1559.300000000000,0.031700000000
1493892487,1558.750000000000,1.500000000000
1493892487,1558.590000000000,0.058000000000
1493892487,1558.590000000000,0.058000000000
1493892487,1558.590000000000,0.057000000000
1493892487,1558.590000000000,0.058000000000
1493892488,1558.540000000000,1.500000000000
1493892488,1558.540000000000,1.500000000000
1493892543,1557.850000000000,1.500000000000
1493892642,1557.160000000000,1.938400000000
1493892643,1557.160000000000,0.057000000000
1493892643,1557.160000000000,1.061600000000
1493892643,1557.160000000000,0.058000000000
1493892643,1557.160000000000,0.058000000000
1493892643,1557.160000000000,1.390300000000
1493892643,1557.160000000000,0.109700000000
1493892644,1557.160000000000,0.058000000000
1493892644,1557.440000000000,1.884300000000
1493892644,1557.150000000000,1.115700000000
1493892762,1558.720000000000,1.500000000000
1493892763,1558.530000000000,1.500000000000
1493892763,1558.670000000000,1.500000000000
1493892764,1558.580000000000,1.500000000000
1493892764,1558.670000000000,1.500000000000
1493892792,1558.720000000000,1.500000000000
1493892792,1558.720000000000,1.001200000000
1493892793,1558.720000000000,1.998800000000
1493892798,1558.720000000000,1.500000000000
1493892798,1558.720000000000,1.500000000000
1493892805,1557.560000000000,0.000100000000
1493893016,1556.020000000000,2.152600000000
1493893017,1556.020000000000,0.671400000000
1493893017,1556.030000000000,1.204300000000
1493893017,1556.000000000000,3.096800000000
1493893017,1556.020000000000,2.442000000000
1493893018,1556.000000000000,3.527900000000
1493893019,1556.000000000000,3.500800000000
1493893021,1556.020000000000,2.141900000000
1493893030,1556.620000000000,1.500000000000
1493893030,1556.350000000000,1.500000000000
1493893031,1556.420000000000,1.500000000000
1493893031,1556.420000000000,1.500000000000
1493893053,1556.010000000000,1.500000000000
1493893053,1556.000000000000,2.386000000000
1493893054,1556.010000000000,1.500000000000
1493893054,1556.000000000000,4.031300000000
1493893054,1556.000000000000,2.290000000000
1493893055,1556.000000000000,2.994700000000
1493893055,1556.000000000000,1.434800000000
1493893055,1556.010000000000,1.500000000000
1493893064,1556.000000000000,3.141500000000
1493893065,1556.000000000000,2.859600000000
1493893076,1556.090000000000,2.622500000000
1493893077,1556.170000000000,1.500000000000
1493893077,1556.790000000000,0.809300000000
1493893077,1556.130000000000,2.190700000000
1493893078,1556.610000000000,0.418300000000
1493893078,1556.170000000000,1.081700000000
1493893078,1556.660000000000,1.787400000000
1493893098,1556.610000000000,1.500000000000
1493893099,1556.000000000000,2.283100000000
1493893099,1555.760000000000,1.500000000000
1493893099,1556.000000000000,1.453500000000
1493893100,1555.740000000000,1.500000000000
1493893100,1555.740000000000,1.500000000000
1493893101,1555.870000000000,1.500000000000
1493893102,1555.890000000000,1.500000000000
1493893102,1555.890000000000,1.500000000000
1493893103,1555.890000000000,1.196600000000
1493893103,1556.010000000000,0.303400000000
1493893105,1556.000000000000,1.500000000000
1493893117,1555.630000000000,1.500000000000
1493893118,1555.650000000000,1.500000000000
1493893118,1555.630000000000,1.500000000000
1493893139,1555.650000000000,0.108000000000
1493893251,1556.070000000000,0.004400000000
1493893252,1556.070000000000,0.050400000000
1493893252,1556.070000000000,0.003700000000
1493893252,1556.070000000000,0.033700000000
1493893253,1556.070000000000,0.177000000000
1493893253,1556.070000000000,0.700000000000
1493893253,1556.070000000000,0.000100000000
1493893312,1557.550000000000,0.169900000000
1493893313,1557.550000000000,0.145000000000
1493893313,1557.550000000000,0.171400000000
1493893313,1557.550000000000,0.170000000000
1493893314,1557.550000000000,0.171300000000
1493893314,1557.550000000000,0.060000000000
1493893315,1557.550000000000,0.072300000000
1493893348,1557.530000000000,0.007000000000
1493893389,1557.150000000000,1.908700000000
1493893390,1557.050000000000,1.922500000000
1493893390,1557.030000000000,1.077500000000
1493893390,1557.080000000000,1.500000000000
1493893391,1557.030000000000,1.796600000000
1493893391,1557.080000000000,0.447600000000
1493893393,1557.020000000000,0.554100000000
1493893393,1557.020000000000,2.445900000000
1493893452,1557.480000000000,1.413000000000
1493893452,1557.650000000000,1.500000000000
1493893452,1557.650000000000,0.087000000000
1493893453,1557.350000000000,1.500000000000
1493893454,1557.380000000000,1.500000000000
1493893454,1557.380000000000,1.500000000000
1493893455,1557.390000000000,1.500000000000
1493893455,1557.390000000000,0.603700000000
1493893455,1557.390000000000,1.500000000000
1493893456,1557.660000000000,0.896300000000
1493893467,1557.380000000000,1.909200000000
1493893467,1557.380000000000,1.500000000000
1493893468,1557.520000000000,2.231700000000
1493893468,1557.760000000000,0.768300000000
1493893468,1557.620000000000,0.047100000000
1493893469,1557.370000000000,1.452900000000
1493893469,1557.970000000000,1.715400000000
1493893469,1557.370000000000,1.284600000000
1493893471,1557.820000000000,1.500000000000
1493893548,1557.680000000000,1.500000000000
1493893549,1557.250000000000,1.500000000000
1493893550,1557.680000000000,0.049800000000
1493893550,1557.250000000000,1.450200000000
1493893550,1557.400000000000,1.500000000000
1493893551,1557.350000000000,1.500000000000
1493893551,1557.350000000000,1.500000000000
1493893556,1557.310000000000,1.500000000000
1493893556,1557.310000000000,1.916100000000
1493893569,1556.960000000000,1.382500000000
1493893569,1556.960000000000,0.117500000000
1493893569,1556.960000000000,3.000000000000
1493893570,1556.990000000000,1.679400000000
1493893571,1556.990000000000,1.320600000000
1493893585,1555.940000000000,1.500000000000
1493893585,1555.940000000000,1.500000000000
1493893589,1555.930000000000,1.500000000000
1493893589,1555.930000000000,1.500000000000
1493893592,1555.920000000000,1.500000000000
1493893593,1556.290000000000,1.500000000000
1493893598,1556.440000000000,1.500000000000
1493893599,1556.440000000000,1.500000000000
1493893600,1556.190000000000,1.500000000000
1493893600,1556.140000000000,1.500000000000
1493893684,1555.180000000000,1.952700000000
1493893685,1555.240000000000,0.544300000000
1493893685,1555.240000000000,0.955700000000
1493893685,1555.180000000000,1.047300000000
1493893685,1555.180000000000,0.263000000000
1493893685,1555.180000000000,0.264000000000
1493893686,1555.170000000000,1.255100000000
1493893686,1555.240000000000,1.384900000000
1493893686,1556.800000000000,1.744900000000
1493893687,1555.240000000000,0.115100000000
1493893687,1555.170000000000,0.756500000000
1493893687,1556.560000000000,2.243500000000
1493893704,1556.810000000000,1.500000000000
1493893706,1556.740000000000,1.500000000000
1493893706,1556.630000000000,1.500000000000
1493893707,1556.740000000000,1.500000000000
1493893726,1556.620000000000,2.272100000000
1493893754,1556.620000000000,1.500000000000
1493893755,1556.260000000000,1.500000000000
1493893756,1556.180000000000,1.500000000000
1493893756,1556.260000000000,1.500000000000
1493893757,1556.180000000000,1.500000000000
1493893757,1556.360000000000,1.500000000000
1493893758,1556.360000000000,1.500000000000
1493893772,1556.330000000000,0.001700000000
1493893795,1554.010000000000,0.050000000000
1493893810,1555.260000000000,1.500000000000
1493893810,1555.260000000000,0.337500000000
1493893810,1555.260000000000,0.264000000000
1493893810,1555.260000000000,0.134000000000
1493893810,1555.260000000000,0.250000000000
1493893810,1555.260000000000,2.662500000000
1493893811,1555.500000000000,2.836600000000
1493893811,1555.250000000000,0.163400000000
1493893812,1555.250000000000,1.500000000000
1493893815,1555.470000000000,1.500000000000
1493893815,1555.330000000000,1.430000000000
1493893851,1555.500000000000,1.523800000000
1493893851,1555.500000000000,1.500000000000
1493893852,1555.500000000000,0.775500000000
1493893852,1555.640000000000,2.224500000000
1493893863,1556.030000000000,1.500000000000
1493893864,1555.790000000000,1.500000000000
1493893864,1555.960000000000,1.500000000000
1493893865,1555.790000000000,1.500000000000
1493893906,1554.740000000000,0.000100000000
1493893906,1554.740000000000,0.012900000000
1493893906,1554.740000000000,0.058000000000
1493893926,1555.990000000000,1.500000000000
1493893926,1555.990000000000,2.556400000000
1493893927,1555.980000000000,1.677800000000
1493893927,1556.040000000000,1.322200000000
1493893952,1556.050000000000,1.500000000000
1493893952,1555.950000000000,0.097400000000
1493893953,1555.950000000000,1.500000000000
1493893953,1554.920000000000,1.500000000000
1493893954,1554.920000000000,1.458500000000
1493893954,1555.070000000000,1.500000000000
1493893954,1556.060000000000,0.041500000000
1493893959,1555.060000000000,0.058000000000
1493894033,1554.690000000000,0.050000000000
1493894043,1554.010000000000,1.500000000000
1493894043,1554.190000000000,1.500000000000
1493894043,1554.000000000000,1.493100000000
1493894044,1554.000000000000,3.544700000000
1493894044,1554.000000000000,3.511300000000
1493894044,1554.010000000000,1.500000000000
1493894044,1554.000000000000,2.036000000000
1493894044,1554.000000000000,1.581800000000
1493894044,1554.000000000000,0.259000000000
1493894062,1554.010000000000,1.500000000000
1493894063,1554.000000000000,1.889100000000
1493894063,1554.000000000000,0.969400000000
1493894063,1554.000000000000,3.106200000000
1493894063,1554.000000000000,2.304600000000
1493894064,1554.000000000000,0.396800000000
1493894064,1554.000000000000,3.185500000000
1493894064,1554.010000000000,1.500000000000
1493894064,1554.000000000000,2.100900000000
1493894064,1554.000000000000,3.823500000000
1493894065,1554.000000000000,1.464800000000
1493894065,1554.010000000000,1.500000000000
1493894065,1554.000000000000,2.878700000000
1493894066,1554.000000000000,0.942100000000
1493894066,1554.000000000000,2.074200000000
1493894079,1554.000000000000,3.145700000000
1493894080,1554.000000000000,3.890700000000
1493894081,1554.000000000000,1.738700000000
1493894081,1554.000000000000,1.734900000000
1493894081,1554.000000000000,3.449500000000
1493894081,1554.000000000000,3.076900000000
1493894081,1554.000000000000,2.021500000000
1493894082,1554.000000000000,1.884000000000
1493894085,1554.000000000000,2.997100000000
1493894086,1554.000000000000,1.890800000000
1493894086,1554.000000000000,3.228100000000
1493894106,1553.500000000000,0.265000000000
1493894106,1553.500000000000,0.134000000000
1493894106,1553.500000000000,0.107000000000
1493894106,1554.020000000000,0.007000000000
1493894106,1553.500000000000,0.058000000000
1493894106,1553.500000000000,0.180000000000
1493894162,1553.130000000000,0.264000000000
1493894162,1553.130000000000,0.251000000000
1493894162,1553.130000000000,0.246000000000
1493894179,1554.320000000000,0.131400000000
1493894355,1552.630000000000,0.543000000000
1493894447,1551.310000000000,0.042400000000
1493894453,1551.310000000000,0.021300000000
1493894479,1551.310000000000,0.007000000000
1493894587,1549.070000000000,0.000100000000
1493894587,1549.070000000000,0.002200000000
1493894587,1549.070000000000,0.104500000000
1493894596,1550.080000000000,3.000000000000
1493894596,1550.080000000000,0.143100000000
1493894597,1550.080000000000,0.177000000000
1493894597,1550.080000000000,0.251000000000
1493894597,1550.080000000000,0.265000000000
1493894597,1550.080000000000,1.356900000000
1493894598,1550.080000000000,0.100000000000
1493894598,1550.230000000000,0.703600000000
1493894599,1550.070000000000,2.296400000000
1493894814,1549.320000000000,0.179200000000
1493894814,1549.320000000000,3.000000000000
1493894815,1549.310000000000,1.925600000000
1493894816,1549.400000000000,1.282700000000
1493894816,1549.320000000000,0.069800000000
1493894816,1549.320000000000,0.253000000000
1493894816,1549.320000000000,0.266000000000
1493894817,1550.030000000000,3.000000000000
1493894866,1549.940000000000,1.500000000000
1493894867,1549.890000000000,1.178100000000
1493894959,1552.980000000000,1.500000000000
1493894959,1553.230000000000,1.500000000000
1493894960,1552.950000000000,1.500000000000
1493894961,1553.030000000000,1.500000000000
1493894961,1552.950000000000,1.500000000000
1493894962,1553.330000000000,1.892200000000
1493894962,1552.940000000000,1.107800000000
1493894963,1553.090000000000,1.284500000000
1493894963,1552.940000000000,1.715500000000
1493894966,1554.450000000000,3.000000000000
1493894969,1554.530000000000,1.500000000000
1493894969,1554.080000000000,1.500000000000
1493894970,1554.150000000000,1.500000000000
1493894970,1554.150000000000,1.500000000000
1493894982,1554.330000000000,1.192700000000
1493894982,1554.070000000000,1.500000000000
1493894992,1554.380000000000,1.500000000000
1493894992,1554.570000000000,1.500000000000
1493894993,1554.380000000000,1.500000000000
1493894993,1554.380000000000,1.500000000000
1493894994,1554.470000000000,1.500000000000
1493895005,1554.410000000000,1.500000000000
1493895005,1554.410000000000,1.813300000000
1493895038,1554.400000000000,2.854400000000
1493895039,1554.400000000000,0.250000000000
1493895039,1554.400000000000,0.266000000000
1493895039,1554.400000000000,0.145600000000
1493895039,1554.400000000000,0.253000000000
1493895039,1554.400000000000,1.500000000000
1493895063,1554.390000000000,0.112800000000
1493895065,1554.390000000000,2.730600000000
1493895065,1554.390000000000,0.319000000000
1493895065,1554.390000000000,0.156600000000
1493895066,1554.390000000000,0.318000000000
1493895066,1554.390000000000,0.317000000000
1493895066,1554.390000000000,0.318000000000
1493895066,1554.390000000000,0.094000000000
1493895066,1554.390000000000,0.317000000000
1493895066,1554.390000000000,0.312900000000
1493895067,1554.390000000000,0.004100000000
1493895075,1554.790000000000,1.500000000000
1493895076,1554.490000000000,1.500000000000
1493895077,1554.630000000000,1.500000000000
1493895077,1554.630000000000,1.500000000000
1493895096,1554.670000000000,1.871400000000
1493895097,1554.670000000000,1.005800000000
1493895097,1554.670000000000,1.128600000000
1493895098,1554.660000000000,0.919500000000
1493895098,1554.670000000000,0.268000000000
1493895098,1554.670000000000,0.251000000000
1493895098,1554.660000000000,2.080500000000
1493895103,1555.960000000000,0.094500000000
1493895104,1554.750000000000,1.500000000000
1493895104,1554.760000000000,1.500000000000
1493895135,1554.920000000000,0.008300000000
1493895204,1554.910000000000,2.292200000000
1493895210,1554.170000000000,0.026400000000
1493895210,1554.170000000000,0.000100000000
1493895244,1554.910000000000,0.270000000000
1493895244,1554.910000000000,0.255000000000
1493895244,1554.910000000000,0.253000000000
1493895288,1554.200000000000,1.500000000000
1493895289,1554.010000000000,1.500000000000
1493895289,1554.040000000000,1.500000000000
1493895289,1554.040000000000,1.500000000000
1493895290,1554.220000000000,1.500000000000
1493895295,1553.700000000000,0.005600000000
1493895600,1551.000000000000,1.500000000000
1493895601,1550.730000000000,1.500000000000
1493895601,1550.650000000000,1.500000000000
1493895604,1552.120000000000,1.983300000000
1493895604,1551.560000000000,1.016700000000
1493895604,1552.090000000000,1.046300000000
1493895605,1551.560000000000,0.453700000000
1493895611,1552.340000000000,0.033900000000
1493895641,1552.330000000000,1.500000000000
1493895642,1552.450000000000,1.833100000000
1493895642,1552.430000000000,1.500000000000
1493895643,1552.320000000000,1.166900000000
1493895644,1553.320000000000,0.250000000000
1493895678,1554.750000000000,0.018500000000
1493895705,1554.480000000000,0.007400000000
1493895758,1553.330000000000,0.000100000000
1493895859,1552.470000000000,1.500000000000
1493895860,1552.290000000000,1.500000000000
1493895909,1552.510000000000,3.000000000000
1493895909,1552.510000000000,0.077000000000
1493895965,1552.510000000000,0.194000000000
1493895966,1552.510000000000,0.266000000000
1493895966,1552.510000000000,0.256000000000
1493895966,1552.510000000000,0.255000000000
1493896199,1553.460000000000,0.317000000000
1493896199,1553.460000000000,0.317000000000
1493896200,1553.460000000000,0.316000000000
1493896200,1553.460000000000,0.316000000000
1493896200,1553.460000000000,0.314000000000
1493896200,1553.460000000000,0.319000000000
1493896200,1553.460000000000,0.318000000000
1493896200,1553.460000000000,0.316000000000
1493896200,1553.460000000000,0.318000000000
1493896201,1553.460000000000,0.035300000000
1493896201,1553.460000000000,0.281700000000
1493896232,1553.480000000000,1.500000000000
1493896278,1552.880000000000,0.000100000000
1493896279,1552.880000000000,0.000300000000
1493896323,1550.140000000000,1.347100000000
1493896323,1552.310000000000,1.500000000000
1493896323,1550.140000000000,2.517900000000
1493896323,1549.930000000000,3.000000000000
1493896325,1539.840000000000,1.500000000000
1493896325,1542.170000000000,0.508700000000
1493896325,1539.840000000000,2.491300000000
1493896325,1542.170000000000,0.248000000000
1493896329,1540.060000000000,1.500000000000
1493896329,1548.630000000000,1.485000000000
1493896330,1540.060000000000,1.500000000000
1493896330,1553.040000000000,0.266000000000
1493896330,1548.630000000000,1.515000000000
1493896330,1540.060000000000,0.271000000000
1493896331,1553.080000000000,0.255000000000
1493896331,1550.790000000000,0.256000000000
1493896331,1553.080000000000,1.693100000000
1493896332,1550.790000000000,1.306900000000
1493896332,1553.000000000000,1.500000000000
1493896339,1553.010000000000,1.500000000000
1493896389,1551.690000000000,1.500000000000
1493896389,1551.330000000000,1.500000000000
1493896389,1551.700000000000,0.248000000000
1493896390,1551.330000000000,1.500000000000
1493896390,1551.430000000000,1.500000000000
1493896391,1551.430000000000,1.500000000000
1493896653,1549.470000000000,0.307600000000
1493896653,1549.470000000000,3.000000000000
1493896654,1549.470000000000,1.192400000000
1493896654,1549.470000000000,0.316000000000
1493896654,1549.530000000000,1.540500000000
1493896655,1549.630000000000,1.175700000000
1493896655,1549.460000000000,1.500000000000
1493896656,1549.460000000000,1.824300000000
1493896729,1550.170000000000,0.007000000000
1493896956,1551.030000000000,0.000200000000
1493897087,1552.000000000000,0.315000000000
1493897087,1552.000000000000,0.256000000000
1493897087,1552.000000000000,0.317000000000
1493897087,1552.000000000000,0.318000000000
1493897463,1555.250000000000,0.007000000000
1493897818,1556.280000000000,1.500000000000
1493897818,1556.280000000000,0.200000000000
1493897819,1555.990000000000,1.047600000000
1493897819,1556.290000000000,0.452400000000
1493897819,1556.140000000000,1.500000000000
1493897820,1556.180000000000,1.500000000000
1493897913,1556.860000000000,3.000000000000
1493897913,1556.870000000000,0.052200000000
1493897918,1556.850000000000,2.693900000000
1493897919,1556.910000000000,0.007000000000
1493897919,1556.850000000000,1.160100000000
1493898026,1556.410000000000,0.250000000000
1493898075,1557.470000000000,2.928900000000
1493898099,1557.470000000000,0.317000000000
1493898099,1557.470000000000,0.318000000000
1493898099,1557.470000000000,0.316000000000
1493898100,1557.470000000000,0.031300000000
1493898100,1557.470000000000,0.314000000000
1493898100,1557.470000000000,0.281700000000
1493898100,1557.470000000000,0.316000000000
1493898100,1557.470000000000,0.314000000000
1493898100,1557.470000000000,0.316000000000
1493898100,1557.470000000000,0.315000000000
1493898101,1557.470000000000,0.317000000000
1493898181,1558.150000000000,0.007000000000
1493898191,1559.400000000000,2.500000000000
1493898218,1558.350000000000,0.400000000000
1493898237,1558.350000000000,0.030000000000
1493898296,1558.510000000000,0.500000000000
1493898778,1558.030000000000,0.000100000000
1493898779,1558.030000000000,0.000300000000
1493898779,1558.030000000000,0.000300000000
1493898780,1558.030000000000,0.000300000000
1493898780,1558.030000000000,0.003400000000
1493898781,1558.030000000000,0.032600000000
1493898781,1558.030000000000,0.249700000000
1493898782,1558.030000000000,0.000200000000
1493898782,1558.030000000000,0.500000000000
1493898860,1557.870000000000,2.526800000000
1493898861,1557.860000000000,2.236400000000
1493898861,1557.860000000000,0.763600000000
1493898861,1557.870000000000,1.951200000000
1493899215,1558.430000000000,1.500000000000
1493899216,1558.430000000000,1.500000000000
1493899216,1558.120000000000,1.500000000000
1493899217,1558.120000000000,1.500000000000
1493899236,1558.280000000000,1.500000000000
1493899237,1558.280000000000,1.881600000000
1493899237,1558.280000000000,1.118400000000
1493899239,1558.070000000000,1.500000000000
1493899240,1558.040000000000,1.500000000000
1493899241,1558.040000000000,1.500000000000
1493899243,1559.100000000000,0.007000000000
1493899243,1561.640000000000,0.007000000000
1493899244,1577.000000000000,0.086000000000
1493899245,1558.140000000000,0.171400000000
1493899245,1558.140000000000,0.170000000000
1493899246,1558.820000000000,0.200300000000
1493899247,1558.820000000000,0.071800000000
1493899248,1558.830000000000,0.035800000000
1493899248,1558.810000000000,0.030400000000
1493899280,1557.980000000000,0.007000000000
1493899282,1557.970000000000,1.500000000000
1493899282,1557.980000000000,0.789200000000
1493899282,1557.980000000000,0.942400000000
1493899282,1557.970000000000,1.500000000000
1493899302,1557.880000000000,1.500000000000
1493899302,1557.880000000000,1.500000000000
1493899334,1557.830000000000,0.010000000000
1493899454,1557.670000000000,0.001500000000
1493899458,1556.900000000000,1.500000000000
1493899458,1556.890000000000,1.858500000000
1493899459,1553.070000000000,3.000000000000
1493899459,1551.970000000000,14.339300000000
1493899459,1554.520000000000,19.302200000000
1493899474,1557.380000000000,0.005000000000
1493899489,1556.190000000000,0.033300000000
1493899490,1556.190000000000,0.012000000000
1493899490,1556.190000000000,0.000100000000
1493899491,1557.380000000000,0.001000000000
1493899519,1557.360000000000,0.003000000000
1493899530,1557.360000000000,0.002000000000
1493899548,1556.540000000000,1.500000000000
1493899567,1556.480000000000,1.794400000000
1493899567,1556.470000000000,0.579500000000
1493899567,1556.470000000000,2.420500000000
1493899568,1556.470000000000,1.500000000000
1493899568,1556.470000000000,2.068000000000
1493899568,1556.480000000000,0.414300000000
1493899569,1556.470000000000,1.500000000000
1493899569,1556.480000000000,0.532800000000
1493899576,1556.410000000000,1.500000000000
1493899577,1556.400000000000,1.500000000000
1493899577,1556.310000000000,1.500000000000
1493899578,1556.400000000000,1.500000000000
1493899613,1555.730000000000,0.440600000000
1493899703,1555.660000000000,2.752300000000
1493899704,1555.670000000000,0.314000000000
1493899704,1555.670000000000,0.314000000000
1493899704,1555.670000000000,0.242500000000
1493899704,1555.670000000000,1.500000000000
1493899704,1555.670000000000,0.312000000000
1493899704,1555.670000000000,0.316000000000
1493899704,1555.670000000000,0.073500000000
1493899705,1555.670000000000,0.316000000000
1493899705,1555.670000000000,0.007200000000
1493899705,1555.670000000000,0.316000000000
1493899705,1555.660000000000,2.514900000000
1493899818,1556.330000000000,0.012500000000
1493899841,1556.330000000000,0.033800000000
1493899842,1556.330000000000,0.011400000000
1493899870,1556.330000000000,0.007000000000
1493899897,1556.360000000000,0.011400000000
1493899913,1556.360000000000,0.440600000000
1493899926,1555.440000000000,0.072500000000
1493899926,1555.440000000000,0.000800000000
1493899927,1555.440000000000,0.000400000000
1493899932,1556.070000000000,0.014800000000
1493900004,1556.440000000000,0.011400000000
1493900047,1556.450000000000,3.600200000000
1493900047,1558.000000000000,2.659800000000
1493900047,1556.440000000000,0.100000000000
1493900071,1555.880000000000,0.009100000000
1493900198,1556.270000000000,0.004400000000
1493900198,1555.880000000000,0.007000000000
1493900213,1556.260000000000,0.200000000000
1493900217,1556.270000000000,0.240600000000
1493900256,1555.510000000000,0.031300000000
1493900268,1555.550000000000,0.044800000000
1493900269,1555.550000000000,0.030700000000
1493900281,1555.550000000000,0.005700000000
1493900287,1555.230000000000,1.500000000000
1493900287,1555.220000000000,2.731900000000
1493900287,1555.220000000000,1.120100000000
1493900296,1555.300000000000,0.014800000000
1493900327,1555.200000000000,0.004000000000
1493900455,1555.170000000000,0.004600000000
1493900515,1555.170000000000,0.356900000000
1493900532,1555.060000000000,0.599300000000
1493900532,1555.060000000000,2.400700000000
1493900532,1555.070000000000,1.781400000000
1493900532,1555.070000000000,2.569900000000
1493900552,1555.070000000000,1.117800000000
1493900552,1555.070000000000,0.648700000000
1493900552,1555.070000000000,1.096900000000
1493900552,1555.070000000000,2.785300000000
1493900552,1555.180000000000,0.651200000000
1493900553,1555.180000000000,2.719800000000
1493900553,1555.180000000000,2.816600000000
1493900554,1555.180000000000,1.654700000000
1493900554,1555.180000000000,2.658600000000
1493900555,1555.180000000000,1.751100000000
1493900555,1555.180000000000,1.862500000000
1493900555,1555.180000000000,2.398500000000
1493900555,1555.180000000000,1.699900000000
1493900556,1555.200000000000,1.133700000000
1493900556,1555.200000000000,0.207600000000
1493900556,1555.200000000000,2.924100000000
1493900556,1555.180000000000,1.787100000000
1493900563,1556.430000000000,0.008400000000
1493900568,1555.290000000000,2.504600000000
1493900568,1555.300000000000,1.500000000000
1493900569,1555.300000000000,1.500000000000
1493900569,1555.290000000000,1.343400000000
1493900570,1555.210000000000,0.772400000000
1493900570,1555.300000000000,0.727600000000
1493900571,1555.140000000000,1.500000000000
1493900580,1555.180000000000,0.016900000000
1493900603,1556.040000000000,0.011200000000
1493900688,1555.990000000000,1.500000000000
1493900689,1555.990000000000,1.500000000000
1493900689,1555.990000000000,1.500000000000
1493900690,1555.900000000000,1.500000000000
1493900740,1556.100000000000,0.056900000000
1493900767,1556.100000000000,0.000600000000
1493900856,1555.480000000000,0.067000000000
1493900963,1556.520000000000,0.034100000000
1493900973,1555.460000000000,1.500000000000
1493900980,1555.260000000000,0.058000000000
1493901012,1555.240000000000,1.783300000000
1493901013,1555.240000000000,1.500000000000
1493901013,1555.270000000000,1.076700000000
1493901014,1555.240000000000,1.923300000000
1493901014,1555.280000000000,0.228100000000
1493901031,1555.240000000000,0.001700000000
1493901047,1555.240000000000,0.017100000000
1493901096,1555.210000000000,0.017100000000
1493901211,1555.180000000000,0.039000000000
1493901214,1555.180000000000,0.017100000000
1493901242,1555.180000000000,0.007000000000
1493901244,1555.180000000000,0.007000000000
1493901300,1554.810000000000,0.001000000000
1493901309,1555.180000000000,0.006300000000
1493901461,1555.130000000000,0.004500000000
1493901582,1555.090000000000,0.010200000000
1493901639,1553.790000000000,1.500000000000
1493901639,1553.780000000000,2.220000000000
1493901640,1551.570000000000,18.250800000000
1493901640,1549.360000000000,3.000000000000
1493901640,1549.080000000000,38.963000000000
1493901640,1549.080000000000,2.609000000000
1493901640,1549.080000000000,2.662700000000
1493901640,1549.080000000000,0.794500000000
1493901662,1554.150000000000,0.013100000000
1493901666,1554.150000000000,0.003400000000
1493901692,1553.290000000000,1.500000000000
1493901693,1553.280000000000,2.500400000000
1493901693,1553.290000000000,1.500000000000
1493901693,1553.280000000000,0.199600000000
1493901694,1552.750000000000,1.500000000000
1493901694,1552.720000000000,1.500000000000
1493901695,1552.900000000000,1.500000000000
1493901781,1552.740000000000,0.058000000000
1493901800,1553.830000000000,0.017000000000
1493901859,1553.520000000000,0.005700000000
1493901961,1554.570000000000,0.000100000000
1493902164,1554.660000000000,0.100000000000
1493902164,1554.460000000000,1.500000000000
1493902192,1554.440000000000,1.569600000000
1493902192,1554.440000000000,1.500000000000
1493902193,1554.630000000000,0.084800000000
1493902193,1554.440000000000,0.368600000000
1493902193,1554.440000000000,2.546600000000
1493902194,1554.440000000000,1.500000000000
1493902246,1555.070000000000,0.011200000000
1493902251,1555.070000000000,0.050100000000
1493902321,1555.050000000000,0.045000000000
1493902379,1555.050000000000,0.005700000000
1493902453,1555.050000000000,0.056800000000
1493902538,1555.000000000000,3.856700000000
1493902543,1555.020000000000,0.090800000000
1493902561,1555.000000000000,4.234300000000
1493902561,1555.000000000000,3.157600000000
1493902562,1555.000000000000,3.081800000000
1493902562,1555.000000000000,3.649700000000
1493902562,1555.000000000000,3.753500000000
1493902563,1555.000000000000,4.493800000000
1493902563,1555.000000000000,4.212400000000
1493902563,1555.000000000000,3.035100000000
1493902564,1555.000000000000,4.220100000000
1493902564,1555.000000000000,3.826400000000
1493902564,1555.000000000000,3.825700000000
1493902654,1555.040000000000,1.500000000000
1493902655,1555.040000000000,3.000000000000
1493902655,1555.180000000000,0.007000000000
1493902655,1555.050000000000,0.007000000000
1493902656,1560.000000000000,3.229300000000
1493902656,1558.010000000000,27.535000000000
1493902656,1555.200000000000,0.100000000000
1493902656,1555.820000000000,2.966600000000
1493902656,1560.000000000000,3.669700000000
1493902657,1560.000000000000,3.262000000000
1493902657,1560.000000000000,3.918600000000
1493902657,1560.000000000000,26.658000000000
1493902657,1560.000000000000,25.373900000000
1493902657,1560.000000000000,4.149700000000
1493902657,1560.000000000000,26.337600000000
1493902658,1560.000000000000,3.845100000000
1493902658,1560.000000000000,24.906600000000
1493902658,1560.000000000000,2.958600000000
1493902658,1560.000000000000,3.218000000000
1493902658,1560.000000000000,2.860400000000
1493902659,1560.000000000000,1.500000000000
1493902659,1560.000000000000,3.230400000000
1493902659,1560.000000000000,3.580100000000
1493902659,1560.000000000000,3.000000000000
1493902660,1560.000000000000,3.753800000000
1493902660,1560.000000000000,3.171500000000
1493902660,1560.000000000000,3.826700000000
1493902660,1560.000000000000,3.325100000000
1493902661,1560.000000000000,2.991100000000
1493902661,1560.000000000000,3.646700000000
1493902661,1560.000000000000,2.964900000000
1493902661,1560.000000000000,2.895400000000
1493902661,1560.000000000000,2.754800000000
1493902662,1560.000000000000,3.573000000000
1493902662,1560.000000000000,2.765300000000
1493902662,1560.000000000000,3.113800000000
1493902662,1560.000000000000,3.800800000000
1493902662,1560.000000000000,2.786700000000
1493902663,1560.000000000000,3.180600000000
1493902663,1560.000000000000,2.084500000000
1493902663,1560.000000000000,2.899800000000
1493902663,1560.000000000000,1.635700000000
1493902663,1560.010000000000,1.500000000000
1493902664,1560.000000000000,2.562300000000
1493902664,1560.000000000000,3.388200000000
1493902664,1560.000000000000,2.404000000000
1493902664,1560.000000000000,3.719000000000
1493902665,1560.010000000000,1.500000000000
1493902665,1560.000000000000,3.604200000000
1493902665,1560.000000000000,2.316100000000
1493902665,1560.000000000000,2.836600000000
1493902665,1560.000000000000,3.329400000000
1493902666,1560.000000000000,2.346700000000
1493902666,1560.000000000000,3.088600000000
1493902666,1560.000000000000,3.344300000000
1493902666,1560.000000000000,2.394000000000
1493902666,1560.000000000000,2.925200000000
1493902666,1560.000000000000,1.807500000000
1493902667,1560.000000000000,3.546700000000
1493902667,1560.010000000000,1.500000000000
1493902667,1560.000000000000,1.643900000000
1493902667,1560.000000000000,3.374400000000
1493902667,1560.000000000000,2.326300000000
1493902668,1560.000000000000,3.104200000000
1493902673,1560.020000000000,0.100000000000
1493902673,1560.010000000000,0.427800000000
1493902680,1560.010000000000,0.657000000000
1493902683,1560.020000000000,0.661000000000
1493902687,1560.030000000000,0.008400000000
1493902689,1560.030000000000,0.000100000000
1493902697,1560.030000000000,0.658000000000
1493902729,1560.040000000000,1.000000000000
1493902730,1560.040000000000,0.092000000000
1493902732,1560.040000000000,1.000000000000
1493902777,1560.030000000000,0.658000000000
1493902808,1560.030000000000,0.842000000000
1493902808,1560.020000000000,2.220700000000
1493902810,1560.040000000000,3.428300000000
1493902811,1560.490000000000,3.000000000000
1493902811,1560.490000000000,10.165800000000
1493902811,1560.490000000000,1.500000000000
1493902811,1562.330000000000,21.518900000000
1493902812,1565.000000000000,900.000000000000
1493902812,1564.890000000000,47.246300000000
1493902812,1570.000000000000,2.395000000000
1493902812,1568.030000000000,70.316500000000
1493902812,1570.000000000000,2.600100000000
1493902812,1570.000000000000,17.439700000000
1493902813,1570.000000000000,2.706700000000
1493902813,1570.000000000000,17.998000000000
1493902813,1570.000000000000,40.086700000000
1493902813,1570.000000000000,39.945000000000
1493902814,1570.000000000000,1.500000000000
1493902814,1570.000000000000,3.000000000000
1493902815,1570.000000000000,0.221000000000
1493902820,1570.010000000000,0.221000000000
1493902821,1570.010000000000,1.279000000000
1493902822,1570.010000000000,0.057000000000
1493902822,1570.000000000000,510.664000000000
1493902824,1570.020000000000,0.221000000000
1493902826,1570.020000000000,0.661000000000
1493902827,1570.020000000000,0.618000000000
1493902827,1570.020000000000,0.041000000000
1493902828,1570.030000000000,0.658000000000
1493902829,1570.030000000000,0.246000000000
1493902846,1570.040000000000,0.057000000000
1493902846,1570.040000000000,1.500000000000
1493902847,1570.040000000000,0.058000000000
1493902847,1570.040000000000,0.057000000000
1493902847,1570.040000000000,0.057000000000
1493902848,1570.010000000000,8.400000000000
1493902848,1570.040000000000,0.058000000000
1493902848,1570.040000000000,0.057000000000
1493902848,1570.040000000000,0.058000000000
1493902849,1570.010000000000,0.058000000000
1493902849,1570.000000000000,0.640000000000
1493902850,1570.050000000000,0.663000000000
1493902850,1570.040000000000,0.057000000000
1493902850,1570.000000000000,0.189000000000
1493902851,1570.050000000000,0.171000000000
1493902851,1570.050000000000,0.666000000000
1493902854,1570.000000000000,3.000000000000
1493902858,1570.000000000000,0.439000000000
1493902858,1570.000000000000,2.561000000000
1493902861,1570.000000000000,1.000000000000
1493902868,1570.000000000000,0.491000000000
1493902869,1570.000000000000,0.667000000000
1493902870,1570.000000000000,0.670000000000
1493902871,1570.000000000000,14.000000000000
1493902880,1570.000000000000,36.428700000000
1493902889,1570.000000000000,0.664000000000
1493902890,1570.000000000000,0.669000000000
1493902891,1570.000000000000,0.672000000000
1493902893,1570.000000000000,18.106900000000
1493902907,1570.000000000000,6.000000000000
1493902910,1570.000000000000,0.668000000000
1493902931,1570.000000000000,9.733300000000
1493902954,1570.000000000000,5.660000000000
1493903213,1569.380000000000,0.007800000000
1493903301,1567.290000000000,1.000000000000
1493903308,1566.090000000000,0.007800000000
1493903309,1566.090000000000,0.013500000000
1493903310,1566.090000000000,0.003500000000
1493903311,1566.090000000000,0.003400000000
1493903311,1566.090000000000,0.000100000000
1493903312,1566.090000000000,1.000000000000
1493903823,1567.100000000000,0.021300000000
1493903849,1567.070000000000,0.008300000000
1493903991,1565.140000000000,0.000100000000
1493904148,1566.370000000000,3.000000000000
1493904148,1566.390000000000,0.057000000000
1493904148,1566.370000000000,1.500000000000
1493904149,1566.390000000000,0.057000000000
1493904149,1566.390000000000,0.057000000000
1493904149,1566.390000000000,0.057000000000
1493904150,1566.390000000000,0.057000000000
1493904150,1566.390000000000,0.058000000000
1493904150,1566.390000000000,0.058000000000
1493904150,1566.390000000000,0.058000000000
1493904151,1566.390000000000,0.058000000000
1493904152,1566.370000000000,2.776800000000
1493904152,1566.390000000000,0.223200000000
1493904153,1566.390000000000,0.057000000000
1493904153,1566.370000000000,0.457700000000
1493904153,1566.370000000000,1.042300000000
1493904229,1566.990000000000,4.020400000000
1493904229,1566.990000000000,3.596800000000
1493904229,1566.990000000000,0.550700000000
1493904229,1566.960000000000,3.000000000000
1493904564,1566.970000000000,3.471100000000
1493904564,1566.970000000000,0.375900000000
1493904564,1566.980000000000,3.153200000000
1493904565,1566.980000000000,4.228500000000
1493904565,1566.980000000000,4.276600000000
1493904566,1566.980000000000,4.367200000000
1493904566,1567.000000000000,3.149600000000
1493904566,1567.000000000000,0.890900000000
1493904566,1567.000000000000,3.198200000000
1493904566,1566.980000000000,3.174500000000
1493904567,1567.000000000000,2.261300000000
1493904624,1567.210000000000,0.000100000000
1493904625,1567.210000000000,0.015300000000
1493904641,1567.260000000000,3.726000000000
1493904641,1567.240000000000,0.007000000000
1493904642,1567.260000000000,0.274000000000
1493904642,1567.280000000000,3.103100000000
1493904642,1567.280000000000,3.337800000000
1493904643,1567.280000000000,3.150500000000
1493904643,1567.280000000000,2.060000000000
1493904775,1564.000000000000,3.260600000000
1493904775,1564.340000000000,28.496000000000
1493904775,1564.000000000000,3.091300000000
1493904775,1566.960000000000,1.500000000000
1493904775,1566.790000000000,3.732600000000
1493904776,1564.000000000000,3.811100000000
1493904776,1564.000000000000,6.108400000000
1493904886,1566.940000000000,1.500000000000
1493904886,1566.930000000000,4.206800000000
1493904887,1564.610000000000,14.293200000000
1493905040,1566.640000000000,3.324500000000
1493905040,1566.640000000000,3.316300000000
1493905041,1566.640000000000,3.000000000000
1493905041,1566.640000000000,0.369200000000
1493905041,1566.790000000000,0.100000000000
1493905101,1567.280000000000,0.007000000000
1493905104,1568.980000000000,0.010000000000
1493905163,1568.000000000000,3.288700000000
1493905164,1568.000000000000,2.595700000000
1493905164,1568.000000000000,4.115600000000
1493905219,1569.780000000000,3.587500000000
1493905219,1569.780000000000,0.258500000000
1493905219,1570.000000000000,25.000000000000
1493905221,1569.570000000000,1.500000000000
1493905221,1569.570000000000,1.500000000000
1493905222,1569.510000000000,1.500000000000
1493905230,1569.450000000000,1.000000000000
1493905230,1569.420000000000,1.500000000000
1493905231,1569.430000000000,0.158900000000
1493905231,1568.640000000000,1.341100000000
1493905231,1568.640000000000,1.500000000000
1493905232,1568.680000000000,1.500000000000
1493905232,1568.680000000000,0.200000000000
1493905347,1568.810000000000,3.000000000000
1493905348,1568.810000000000,0.257900000000
1493905348,1568.800000000000,3.600100000000
1493905348,1568.810000000000,1.242100000000
1493905348,1568.800000000000,0.239900000000
1493905349,1568.810000000000,2.537800000000
1493905349,1568.810000000000,0.462200000000
1493905349,1573.690000000000,1.500000000000
1493905350,1575.000000000000,1.000000000000
1493905350,1575.850000000000,2.628100000000
1493905350,1571.110000000000,0.371900000000
1493905356,1576.000000000000,0.223700000000
1493905356,1576.000000000000,1.500000000000
1493905356,1574.310000000000,1.276300000000
1493905357,1574.350000000000,1.500000000000
1493905357,1574.350000000000,1.368700000000
1493905358,1576.010000000000,1.000000000000
1493905358,1576.000000000000,0.131300000000
1493905358,1574.380000000000,1.241100000000
1493905359,1574.380000000000,1.500000000000
1493905359,1576.000000000000,0.258900000000
1493905409,1574.240000000000,0.035800000000
1493905409,1574.290000000000,0.267500000000
1493905409,1574.240000000000,3.000000000000
1493905409,1574.240000000000,3.798200000000
1493905410,1574.840000000000,2.227100000000
1493905410,1574.290000000000,1.232500000000
1493905410,1574.230000000000,0.772900000000
1493905411,1574.130000000000,1.500000000000
1493905411,1574.130000000000,0.313000000000
1493905412,1574.130000000000,0.324000000000
1493905412,1574.130000000000,0.321000000000
1493905412,1574.130000000000,0.108000000000
1493905412,1574.130000000000,0.320000000000
1493905413,1574.130000000000,0.212000000000
1493905413,1574.130000000000,0.323000000000
1493905413,1574.130000000000,1.500000000000
1493905416,1573.260000000000,3.000000000000
1493905417,1574.240000000000,0.649700000000
1493905417,1573.270000000000,2.350300000000
1493905521,1576.330000000000,0.048000000000
1493905552,1576.140000000000,1.500000000000
1493905552,1576.130000000000,3.445700000000
1493905552,1575.000000000000,12.500000000000
1493905553,1573.690000000000,2.554300000000
1493905586,1576.770000000000,0.310000000000
1493905586,1576.770000000000,0.310000000000
1493905586,1576.770000000000,0.308000000000
1493905587,1576.770000000000,0.310000000000
1493905587,1576.770000000000,0.309000000000
1493905587,1576.770000000000,0.307000000000
1493905587,1576.770000000000,0.311000000000
1493905587,1576.770000000000,0.311000000000
1493905587,1576.770000000000,0.310000000000
1493905588,1577.000000000000,1.665100000000
1493905588,1576.770000000000,0.308000000000
1493905588,1577.000000000000,0.248900000000
1493905591,1578.230000000000,1.500000000000
1493905592,1578.230000000000,1.004000000000
1493905592,1577.420000000000,0.496000000000
1493905593,1577.620000000000,1.500000000000
1493905593,1577.620000000000,1.500000000000
1493905594,1577.620000000000,1.245800000000
1493905594,1578.230000000000,0.254200000000
1493905597,1577.410000000000,1.500000000000
1493905597,1577.410000000000,1.500000000000
1493905598,1577.670000000000,1.500000000000
1493905613,1577.010000000000,1.500000000000
1493905614,1577.000000000000,1.607500000000
1493905614,1577.000000000000,2.706400000000
1493905615,1577.000000000000,2.814800000000
1493905615,1577.000000000000,2.165500000000
1493905615,1577.000000000000,2.316800000000
1493905616,1576.890000000000,1.500000000000
1493905616,1577.000000000000,0.889000000000
1493905617,1577.010000000000,1.500000000000
1493905628,1577.660000000000,0.158000000000
1493905629,1576.850000000000,3.185800000000
1493905629,1576.000000000000,3.154600000000
1493905630,1576.000000000000,4.064100000000
1493905630,1576.000000000000,3.814700000000
1493905630,1576.000000000000,4.125100000000
1493905630,1576.000000000000,3.313800000000
1493905631,1576.000000000000,3.292400000000
1493905631,1576.000000000000,4.048700000000
1493905631,1576.000000000000,3.351300000000
1493905632,1576.000000000000,3.364500000000
1493905632,1576.000000000000,2.926800000000
1493905632,1576.000000000000,3.313100000000
1493905633,1576.000000000000,2.848800000000
1493905633,1575.990000000000,3.189000000000
1493905633,1575.990000000000,2.735000000000
1493905634,1576.000000000000,2.792000000000
1493905634,1575.990000000000,1.503000000000
1493905634,1576.000000000000,2.404300000000
1493905765,1576.980000000000,1.000000000000
1493905856,1576.350000000000,0.018000000000
1493905877,1576.350000000000,2.832400000000
1493905979,1576.980000000000,0.100000000000
1493905979,1576.990000000000,3.000000000000
1493905980,1576.990000000000,1.500000000000
1493905980,1576.990000000000,0.400000000000
1493905988,1576.660000000000,1.500000000000
1493905989,1576.660000000000,1.500000000000
1493905989,1576.550000000000,1.310800000000
1493905990,1576.590000000000,1.500000000000
1493905990,1576.660000000000,0.189200000000
1493905991,1576.580000000000,1.500000000000
1493905991,1576.580000000000,1.500000000000
1493906064,1575.940000000000,3.000000000000
1493906064,1575.940000000000,0.314200000000
1493906083,1576.000000000000,0.639900000000
1493906083,1576.000000000000,2.767300000000
1493906083,1575.990000000000,3.000000000000
1493906084,1576.000000000000,0.457300000000
1493906084,1576.000000000000,0.244700000000
1493906084,1575.990000000000,3.000000000000
1493906084,1576.000000000000,0.890800000000
1493906084,1575.990000000000,3.000000000000
1493906085,1576.010000000000,1.500000000000
1493906144,1576.810000000000,0.081500000000
1493906159,1577.000000000000,3.350300000000
1493906160,1577.000000000000,2.521400000000
1493906166,1576.810000000000,1.418500000000
1493906167,1576.800000000000,0.783700000000
1493906184,1576.800000000000,0.000200000000
1493906184,1576.800000000000,0.006500000000
1493906187,1576.820000000000,2.000000000000
1493906189,1577.000000000000,3.040600000000
1493906190,1577.000000000000,1.087700000000
1493906254,1577.380000000000,3.454600000000
1493906254,1577.900000000000,2.045400000000
1493906271,1578.000000000000,3.401200000000
1493906284,1578.000000000000,2.709800000000
1493906284,1578.000000000000,3.603400000000
1493906285,1578.000000000000,0.285600000000
1493906324,1580.000000000000,2.823300000000
1493906324,1580.000000000000,1.000000000000
1493906325,1580.000000000000,2.543900000000
1493906327,1579.930000000000,1.500000000000
1493906328,1579.930000000000,1.500000000000
1493906329,1578.770000000000,1.500000000000
1493906339,1578.760000000000,0.030000000000
1493906467,1578.430000000000,0.067500000000
1493906478,1578.390000000000,0.056300000000
1493906487,1578.370000000000,0.100000000000
1493906487,1578.380000000000,3.000000000000
1493906487,1578.380000000000,0.745500000000
1493906488,1578.380000000000,0.309000000000
1493906488,1578.390000000000,1.529000000000
1493906488,1578.380000000000,0.754500000000
1493906488,1578.380000000000,0.308000000000
1493906488,1578.380000000000,0.308000000000
1493906489,1578.380000000000,1.471000000000
1493906579,1578.370000000000,0.016900000000
1493906604,1578.370000000000,0.309000000000
1493906604,1578.370000000000,0.308000000000
1493906604,1578.370000000000,0.044100000000
1493906609,1580.000000000000,1.000000000000
1493906636,1580.000000000000,3.801900000000
1493906652,1580.000000000000,0.081500000000
1493906702,1580.000000000000,2.614300000000
1493906703,1580.000000000000,2.992700000000
1493906703,1580.000000000000,3.650200000000
1493906704,1580.000000000000,3.505100000000
1493906710,1580.000000000000,3.426600000000
1493906711,1580.000000000000,3.277200000000
1493906711,1580.000000000000,3.532700000000
1493906711,1580.000000000000,3.646300000000
1493906711,1580.000000000000,3.292500000000
1493906712,1580.000000000000,3.305800000000
1493906712,1580.000000000000,3.180200000000
1493906712,1580.000000000000,3.325800000000
1493906807,1582.680000000000,0.010500000000
1493906821,1582.680000000000,0.500000000000
1493906922,1581.750000000000,0.000400000000
1493906922,1581.760000000000,0.000100000000
1493907259,1584.590000000000,0.308000000000
1493907259,1584.590000000000,0.305000000000
1493907259,1584.590000000000,0.307000000000
1493907260,1584.590000000000,0.308000000000
1493907302,1584.820000000000,1.500000000000
1493907303,1584.810000000000,2.442500000000
1493907303,1584.810000000000,2.072600000000
1493907303,1584.810000000000,1.479500000000
1493907303,1584.810000000000,3.372600000000
1493907303,1584.820000000000,1.500000000000
1493907304,1584.810000000000,2.950100000000
1493907304,1584.810000000000,2.794000000000
1493907305,1584.820000000000,1.500000000000
1493907305,1584.810000000000,1.142000000000
1493907305,1584.810000000000,2.329800000000
1493907305,1584.820000000000,1.500000000000
1493907305,1584.810000000000,1.377200000000
1493907305,1584.810000000000,2.230800000000
1493907306,1584.790000000000,1.263500000000
1493907306,1584.810000000000,3.193500000000
1493907306,1584.810000000000,2.008800000000
1493907306,1584.810000000000,3.006600000000
1493907307,1584.790000000000,3.528200000000
1493907307,1584.820000000000,1.500000000000
1493907307,1584.790000000000,2.005500000000
1493907307,1584.790000000000,2.450000000000
1493907320,1584.930000000000,2.763400000000
1493907384,1584.930000000000,0.225000000000
1493907384,1584.980000000000,0.580700000000
1493907384,1584.920000000000,3.000000000000
1493907385,1585.000000000000,2.020800000000
1493907385,1584.980000000000,0.919300000000
1493907520,1584.790000000000,2.184500000000
1493907522,1584.790000000000,3.357800000000
1493907522,1584.760000000000,0.070300000000
1493907522,1584.790000000000,0.694600000000
1493907522,1584.760000000000,1.429700000000
1493907523,1583.940000000000,1.500000000000
1493907523,1583.940000000000,1.402500000000
1493907524,1584.050000000000,1.500000000000
1493907525,1584.000000000000,1.500000000000
1493907574,1583.940000000000,1.500000000000
1493907575,1584.910000000000,1.900000000000
1493907597,1583.970000000000,1.500000000000
1493907606,1584.440000000000,0.608800000000
1493907606,1584.440000000000,3.000000000000
1493907607,1584.440000000000,0.891200000000
1493907607,1584.760000000000,1.963300000000
1493907619,1586.600000000000,0.056000000000
1493907634,1586.820000000000,0.112000000000
1493907656,1585.520000000000,0.000600000000
1493907656,1585.520000000000,0.028800000000
1493907657,1585.520000000000,0.007600000000
1493907657,1585.520000000000,0.000100000000
1493907677,1586.600000000000,0.012300000000
1493907715,1586.170000000000,0.327000000000
1493907750,1586.180000000000,0.100000000000
1493907839,1586.600000000000,0.069200000000
1493907878,1586.600000000000,1.500000000000
1493907878,1586.970000000000,1.500000000000
1493907893,1586.600000000000,0.012900000000
1493908031,1585.690000000000,3.000000000000
1493908032,1585.700000000000,1.000000000000
1493908057,1585.700000000000,0.002800000000
1493908134,1585.120000000000,0.025000000000
1493908134,1585.990000000000,0.072200000000
1493908134,1585.120000000000,0.071000000000
1493908341,1585.950000000000,0.044800000000
1493908454,1586.490000000000,0.014000000000
1493908494,1586.720000000000,0.035600000000
1493908630,1587.230000000000,0.081800000000
1493908745,1586.200000000000,0.035400000000
1493908745,1586.200000000000,0.012800000000
1493908907,1587.220000000000,0.040900000000
1493908908,1587.220000000000,0.008000000000
1493908975,1587.230000000000,0.025000000000
1493908994,1587.240000000000,0.000200000000
1493908998,1587.240000000000,1.499800000000
1493908998,1587.240000000000,3.778000000000
1493908998,1587.230000000000,9.975000000000
1493908999,1587.000000000000,0.808900000000
1493909138,1586.650000000000,0.000400000000
1493909300,1586.690000000000,0.046000000000
1493909331,1587.440000000000,0.040000000000
1493909371,1587.000000000000,0.025700000000
1493909403,1587.440000000000,0.030400000000
1493909413,1587.020000000000,1.500000000000
1493909414,1587.010000000000,2.100000000000
1493909414,1587.000000000000,1.500000000000
1493909415,1587.000000000000,1.500000000000
1493909420,1586.890000000000,0.012800000000
1493909432,1586.890000000000,1.500000000000
1493909433,1586.720000000000,1.285800000000
1493909433,1586.890000000000,0.214200000000
1493909468,1586.620000000000,0.005800000000
1493909558,1585.990000000000,3.000000000000
1493909558,1585.990000000000,0.195900000000
1493909559,1585.990000000000,2.019400000000
1493909559,1585.990000000000,1.304100000000
1493909559,1586.000000000000,0.250000000000
1493909559,1586.080000000000,1.363900000000
1493909559,1585.990000000000,0.980600000000
1493909563,1585.980000000000,2.868700000000
1493909702,1585.980000000000,0.000200000000
1493909720,1584.730000000000,1.500000000000
1493909721,1584.380000000000,0.720300000000
1493909721,1584.730000000000,0.779700000000
1493909729,1584.470000000000,2.599800000000
1493909751,1585.630000000000,1.500000000000
1493909752,1585.470000000000,1.500000000000
1493909753,1585.550000000000,1.500000000000
1493909754,1585.550000000000,1.500000000000
1493909869,1584.350000000000,1.500000000000
1493909871,1583.450000000000,1.500000000000
1493909872,1583.450000000000,1.500000000000
1493909879,1582.120000000000,1.500000000000
1493909880,1581.400000000000,0.057000000000
1493909880,1582.000000000000,1.498800000000
1493909880,1581.400000000000,0.056000000000
1493909880,1582.120000000000,0.001200000000
1493909881,1580.370000000000,1.500000000000
1493909881,1580.370000000000,0.057000000000
1493909881,1580.370000000000,0.057000000000
1493909882,1580.370000000000,0.057000000000
1493909882,1580.370000000000,1.462500000000
1493909883,1582.120000000000,0.037500000000
1493909885,1581.400000000000,0.056000000000
1493909897,1580.890000000000,0.057000000000
1493909897,1580.890000000000,0.056000000000
1493909898,1580.890000000000,0.056000000000
1493909898,1580.890000000000,0.309000000000
1493909898,1580.890000000000,0.308000000000
1493909898,1580.890000000000,0.307000000000
1493909898,1580.890000000000,0.057000000000
1493909898,1580.890000000000,0.057000000000
1493909898,1580.890000000000,0.057000000000
1493909899,1580.890000000000,0.309000000000
1493909899,1580.890000000000,0.308000000000
1493909899,1580.890000000000,0.305000000000
1493909899,1580.890000000000,0.309000000000
1493909899,1580.890000000000,0.307000000000
1493909899,1580.890000000000,0.307000000000
1493909900,1580.890000000000,0.310000000000
1493910051,1580.900000000000,0.667400000000
1493910051,1580.910000000000,0.057000000000
1493910051,1580.900000000000,0.832600000000
1493910051,1580.900000000000,3.000000000000
1493910052,1581.130000000000,2.179500000000
1493910052,1581.130000000000,1.500000000000
1493910052,1581.000000000000,2.747400000000
1493910052,1580.900000000000,0.252600000000
1493910053,1581.390000000000,1.500000000000
1493910053,1580.900000000000,0.820500000000
1493910053,1581.390000000000,1.316500000000
1493910054,1580.900000000000,1.683500000000
1493910111,1581.870000000000,1.500000000000
1493910111,1581.860000000000,1.376700000000
1493910112,1581.860000000000,1.460700000000
1493910112,1581.030000000000,1.500000000000
1493910112,1581.860000000000,0.949600000000
1493910112,1581.870000000000,1.500000000000
1493910113,1581.170000000000,1.500000000000
1493910113,1581.170000000000,1.322800000000
1493910114,1581.140000000000,1.500000000000
1493910114,1581.870000000000,0.177200000000
1493910115,1581.870000000000,1.039100000000
1493910115,1581.140000000000,0.460900000000
1493910191,1579.730000000000,0.000200000000
1493910219,1580.340000000000,0.170000000000
1493910219,1581.020000000000,1.500000000000
1493910238,1582.540000000000,0.012800000000
1493910293,1582.580000000000,2.760000000000
1493910294,1582.580000000000,1.025000000000
1493910294,1582.570000000000,1.436600000000
1493910295,1582.540000000000,1.362500000000
1493910295,1582.540000000000,1.500000000000
1493910296,1582.590000000000,0.137500000000
1493910301,1582.500000000000,1.500000000000
1493910301,1582.850000000000,2.143600000000
1493910301,1582.500000000000,2.924000000000
1493910301,1582.500000000000,0.076000000000
1493910302,1582.670000000000,2.706300000000
1493910302,1582.800000000000,0.856400000000
1493910302,1582.860000000000,1.500000000000
1493910303,1582.490000000000,0.293700000000
1493910443,1582.760000000000,0.000200000000
1493910663,1582.840000000000,0.103700000000
1493910733,1582.840000000000,0.036500000000
1493910789,1582.840000000000,2.618500000000
1493910790,1582.840000000000,3.742700000000
1493910790,1582.840000000000,3.823900000000
1493910791,1582.840000000000,0.977300000000
1493910791,1582.840000000000,3.697400000000
1493910847,1584.400000000000,0.009800000000
1493910972,1584.700000000000,15.000000000000
1493911000,1584.730000000000,0.000900000000
1493911003,1584.730000000000,1.499100000000
1493911003,1584.710000000000,1.712700000000
1493911052,1584.210000000000,0.360000000000
1493911052,1584.210000000000,2.640000000000
1493911147,1583.820000000000,0.003500000000
1493911150,1583.820000000000,1.496500000000
1493911151,1583.810000000000,3.645700000000
1493911151,1583.000000000000,3.695400000000
1493911151,1583.000000000000,2.635900000000
1493911151,1583.000000000000,0.721300000000
1493911151,1583.000000000000,2.805200000000
1493911234,1584.660000000000,1.500000000000
1493911235,1584.320000000000,0.937900000000
1493911235,1584.470000000000,1.500000000000
1493911235,1584.660000000000,0.562100000000
1493911236,1584.320000000000,0.737200000000
1493911236,1584.320000000000,1.500000000000
1493911237,1584.660000000000,0.762800000000
1493911245,1584.360000000000,0.000500000000
1493911245,1584.360000000000,3.000000000000
1493911246,1584.360000000000,1.499500000000
1493911247,1584.600000000000,2.014800000000
1493911248,1584.350000000000,0.985200000000
1493911250,1584.720000000000,3.684200000000
1493911252,1584.720000000000,0.098800000000
1493911258,1585.060000000000,1.500000000000
1493911259,1584.270000000000,1.500000000000
1493911259,1584.120000000000,1.500000000000
1493911260,1584.120000000000,1.500000000000
1493911260,1584.270000000000,1.500000000000
1493911262,1582.890000000000,1.500000000000
1493911263,1582.710000000000,1.444600000000
1493911263,1582.890000000000,0.055400000000
1493911263,1582.730000000000,1.500000000000
1493911264,1582.710000000000,1.500000000000
1493911264,1582.730000000000,1.500000000000
1493911265,1582.710000000000,1.353400000000
1493911266,1582.900000000000,0.146600000000
1493911371,1583.480000000000,1.500000000000
1493911381,1584.140000000000,1.867400000000
1493911381,1584.140000000000,1.500000000000
1493911382,1584.140000000000,1.132600000000
1493911382,1584.200000000000,1.813700000000
1493911383,1584.420000000000,3.000000000000
1493911383,1584.420000000000,0.327400000000
1493911383,1584.260000000000,1.500000000000
1493911384,1584.130000000000,0.670300000000
1493911384,1584.360000000000,2.329700000000
1493911384,1584.130000000000,1.172600000000
1493911451,1585.000000000000,3.005900000000
1493911452,1585.000000000000,2.660900000000
1493911452,1585.000000000000,3.292000000000
1493911453,1585.000000000000,2.507400000000
1493911453,1585.000000000000,0.966700000000
1493911453,1585.000000000000,2.567100000000
1493911611,1584.800000000000,1.025600000000
1493911611,1584.810000000000,1.500000000000
1493911612,1584.810000000000,1.500000000000
1493911612,1584.790000000000,1.808700000000
1493911612,1584.750000000000,1.974300000000
1493911613,1584.790000000000,0.961900000000
1493911639,1584.500000000000,2.610100000000
1493911660,1584.500000000000,2.589500000000
1493911676,1584.740000000000,0.000400000000
1493911676,1584.740000000000,0.006600000000
1493911677,1584.740000000000,0.003500000000
1493911677,1584.740000000000,0.006400000000
1493911681,1585.590000000000,0.400900000000
1493911682,1585.660000000000,0.747100000000
1493911686,1585.660000000000,0.089600000000
1493911744,1585.110000000000,1.018000000000
1493911750,1584.870000000000,0.018600000000
1493911799,1586.680000000000,0.875000000000
1493911832,1585.580000000000,1.500000000000
1493911832,1585.510000000000,1.539600000000
1493911833,1585.590000000000,2.183300000000
1493911834,1585.590000000000,1.601700000000
1493911834,1585.510000000000,0.360400000000
1493911834,1585.400000000000,1.500000000000
1493911835,1585.400000000000,1.500000000000
1493911853,1585.770000000000,0.676000000000
1493911925,1585.770000000000,0.726000000000
1493911982,1585.770000000000,0.965000000000
1493912049,1586.920000000000,1.095000000000
1493912106,1587.730000000000,1.146700000000
1493912106,1587.650000000000,0.000300000000
1493912165,1586.850000000000,0.052100000000
1493912169,1588.090000000000,0.610000000000
1493912169,1588.130000000000,2.000000000000
1493912223,1589.340000000000,0.026300000000
1493912225,1589.340000000000,0.012000000000
1493912225,1589.340000000000,0.913000000000
1493912229,1589.700000000000,0.007400000000
1493912293,1589.930000000000,0.775000000000
1493912337,1591.010000000000,0.621000000000
1493912394,1590.690000000000,3.421300000000
1493912400,1590.900000000000,1.065000000000
1493912462,1592.580000000000,1.027000000000
1493912527,1591.860000000000,1.169000000000
1493912582,1593.790000000000,0.517000000000
1493912641,1593.080000000000,0.954000000000
1493912709,1593.080000000000,0.656000000000
1493912725,1592.650000000000,1.500000000000
1493912725,1592.650000000000,0.000300000000
1493912726,1592.120000000000,1.500000000000
1493912726,1592.030000000000,1.500000000000
1493912727,1592.120000000000,1.500000000000
1493912728,1592.160000000000,1.500000000000
1493912729,1592.020000000000,1.500000000000
1493912741,1592.120000000000,2.753500000000
1493912741,1592.120000000000,0.414300000000
1493912741,1592.010000000000,3.000000000000
1493912742,1592.120000000000,0.353100000000
1493912742,1592.110000000000,3.000000000000
1493912742,1592.130000000000,1.500000000000
1493912742,1592.230000000000,0.789000000000
1493912742,1592.120000000000,0.238100000000
1493912743,1592.000000000000,2.211000000000
1493912762,1593.180000000000,0.035600000000
1493912764,1593.180000000000,0.847000000000
1493912827,1593.320000000000,0.629000000000
1493912879,1593.640000000000,0.744000000000
1493912951,1593.340000000000,0.640000000000
1493913000,1593.690000000000,0.993000000000
1493913017,1593.700000000000,3.768000000000
1493913018,1595.000000000000,3.068400000000
1493913018,1595.000000000000,2.816100000000
1493913018,1594.120000000000,3.435600000000
1493913019,1595.000000000000,2.837200000000
1493913019,1595.000000000000,2.831200000000
1493913019,1595.000000000000,2.104100000000
1493913019,1595.000000000000,2.090900000000
1493913019,1595.000000000000,3.765000000000
1493913020,1595.000000000000,2.069500000000
1493913020,1595.000000000000,3.099000000000
1493913020,1595.000000000000,2.561400000000
1493913020,1595.000000000000,2.890800000000
1493913021,1595.000000000000,1.510100000000
1493913021,1595.010000000000,1.500000000000
1493913021,1595.000000000000,2.936100000000
1493913021,1595.000000000000,3.107900000000
1493913022,1595.000000000000,2.369000000000
1493913022,1595.000000000000,1.943300000000
1493913022,1595.000000000000,2.227300000000
1493913022,1595.010000000000,1.500000000000
1493913022,1595.010000000000,1.500000000000
1493913023,1595.000000000000,2.261100000000
1493913023,1595.000000000000,1.970300000000
1493913023,1595.000000000000,2.274500000000
1493913023,1595.000000000000,1.268500000000
1493913024,1595.000000000000,2.942700000000
1493913024,1595.010000000000,1.500000000000
1493913024,1595.000000000000,1.747100000000
1493913025,1595.000000000000,2.907400000000
1493913029,1595.000000000000,2.180600000000
1493913029,1595.000000000000,3.094700000000
1493913030,1595.000000000000,2.346000000000
1493913030,1595.000000000000,2.545200000000
1493913031,1595.000000000000,3.109100000000
1493913031,1595.000000000000,2.802200000000
1493913032,1595.000000000000,2.275800000000
1493913032,1595.000000000000,1.985600000000
1493913072,1595.490000000000,0.952000000000
1493913118,1595.440000000000,0.889000000000
1493913131,1595.440000000000,2.111000000000
1493913169,1597.280000000000,2.308300000000
1493913170,1599.610000000000,19.562800000000
1493913170,1600.000000000000,1.000000000000
1493913170,1600.000000000000,1.000000000000
1493913170,1600.000000000000,3.022100000000
1493913170,1600.000000000000,2.881400000000
1493913171,1600.000000000000,2.172900000000
1493913171,1600.000000000000,1.819500000000
1493913171,1600.000000000000,2.920900000000
1493913171,1600.000000000000,2.867200000000
1493913171,1600.000000000000,2.985600000000
1493913171,1600.000000000000,2.619600000000
1493913171,1600.000000000000,1.816900000000
1493913172,1600.000000000000,2.322500000000
1493913172,1600.000000000000,1.933400000000
1493913172,1600.000000000000,2.416800000000
1493913172,1600.000000000000,3.109200000000
1493913173,1600.000000000000,3.153400000000
1493913173,1600.000000000000,1.971300000000
1493913173,1600.000000000000,2.413600000000
1493913174,1600.000000000000,2.875800000000
1493913174,1600.000000000000,2.465500000000
1493913174,1600.000000000000,3.136400000000
1493913175,1600.000000000000,2.144300000000
1493913175,1600.000000000000,2.551300000000
1493913175,1600.000000000000,1.957900000000
1493913175,1600.000000000000,2.787000000000
1493913176,1600.000000000000,0.237900000000
1493913176,1600.000000000000,2.706400000000
1493913176,1600.000000000000,1.772300000000
1493913176,1600.010000000000,1.500000000000
1493913177,1600.000000000000,1.574600000000
1493913177,1600.010000000000,1.500000000000
1493913177,1600.000000000000,0.082100000000
1493913177,1600.000000000000,1.761400000000
1493913177,1600.000000000000,3.017100000000
1493913178,1600.000000000000,1.658900000000
1493913178,1600.010000000000,1.500000000000
1493913178,1600.000000000000,1.402100000000
1493913179,1600.010000000000,1.500000000000
1493913179,1600.000000000000,2.551000000000
1493913179,1600.000000000000,0.156700000000
1493913180,1600.010000000000,1.500000000000
1493913180,1600.000000000000,2.044100000000
1493913180,1600.000000000000,0.107000000000
1493913180,1600.000000000000,1.958800000000
1493913181,1600.000000000000,2.464400000000
1493913181,1600.000000000000,2.059900000000
1493913181,1600.000000000000,2.965600000000
1493913182,1600.010000000000,1.500000000000
1493913182,1600.000000000000,2.589400000000
1493913182,1600.000000000000,0.868500000000
1493913182,1600.000000000000,2.353200000000
1493913183,1600.000000000000,1.365300000000
1493913183,1600.000000000000,2.886200000000
1493913183,1600.000000000000,2.011000000000
1493913183,1600.010000000000,1.500000000000
1493913184,1600.000000000000,2.808500000000
1493913184,1600.000000000000,0.457300000000
1493913184,1600.010000000000,1.500000000000
1493913184,1600.000000000000,2.825100000000
1493913185,1600.000000000000,2.632300000000
1493913185,1600.010000000000,1.500000000000
1493913185,1600.000000000000,1.686000000000
1493913185,1600.000000000000,2.472900000000
1493913185,1600.000000000000,1.894800000000
1493913186,1600.000000000000,2.305200000000
1493913186,1600.000000000000,1.175400000000
1493913186,1600.000000000000,2.775000000000
1493913186,1600.000000000000,2.162500000000
1493913187,1600.000000000000,1.634500000000
1493913187,1600.010000000000,1.500000000000
1493913187,1600.000000000000,2.744800000000
1493913187,1600.000000000000,0.706200000000
1493913365,1603.150000000000,0.006600000000
1493913377,1603.880000000000,0.242000000000
1493913493,1604.910000000000,0.935000000000
1493913551,1604.870000000000,1.053000000000
1493913673,1604.830000000000,3.000000000000
1493913673,1604.840000000000,0.721800000000
1493913674,1604.840000000000,0.178200000000
1493913674,1604.830000000000,3.000000000000
1493913675,1604.830000000000,3.000000000000
1493913675,1604.870000000000,0.881800000000
1493913676,1605.290000000000,0.092300000000
1493913676,1605.000000000000,1.000000000000
1493913676,1604.870000000000,0.822700000000
1493913676,1604.930000000000,1.407700000000
1493913676,1604.870000000000,2.041500000000
1493913677,1605.140000000000,2.166300000000
1493913677,1604.830000000000,0.833700000000
1493913704,1604.590000000000,0.028500000000
1493913723,1604.870000000000,1.500000000000
1493913726,1604.870000000000,0.971500000000
1493913736,1604.860000000000,3.000000000000
1493913776,1606.020000000000,0.032700000000
1493913782,1604.890000000000,0.242000000000
1493913816,1605.150000000000,1.500000000000
1493913816,1605.380000000000,1.500000000000
1493913817,1605.380000000000,0.581700000000
1493913822,1605.290000000000,3.000000000000
1493913853,1606.490000000000,1.116000000000
1493913874,1605.750000000000,1.500000000000
1493913905,1605.480000000000,0.644000000000
1493913918,1605.480000000000,2.356000000000
1493913918,1605.750000000000,2.053400000000
1493913946,1605.680000000000,1.500000000000
1493913947,1605.350000000000,1.118600000000
1493913947,1605.690000000000,0.381400000000
1493913948,1605.690000000000,1.500000000000
1493913963,1603.690000000000,1.500000000000
1493913964,1603.150000000000,1.298900000000
1493913964,1604.220000000000,0.201100000000
1493913968,1604.630000000000,1.018000000000
1493914016,1602.670000000000,1.149100000000
1493914016,1602.670000000000,3.000000000000
1493914017,1602.670000000000,3.000000000000
1493914017,1602.680000000000,0.842500000000
1493914018,1602.680000000000,2.722500000000
1493914018,1603.150000000000,0.504000000000
1493914024,1602.660000000000,1.390200000000
1493914024,1602.830000000000,1.500000000000
1493914088,1602.860000000000,0.726000000000
1493914106,1602.870000000000,1.199800000000
1493914106,1602.860000000000,2.274000000000
1493914107,1602.870000000000,3.300200000000
1493914143,1604.450000000000,0.866000000000
1493914195,1604.550000000000,0.007300000000
1493914198,1604.550000000000,0.983000000000
1493914238,1602.370000000000,0.219000000000
1493914269,1603.640000000000,0.735000000000
1493914443,1603.040000000000,1.082000000000
1493914569,1601.760000000000,0.645400000000
1493914601,1603.280000000000,1.000000000000
1493914668,1603.270000000000,0.355400000000
1493914668,1603.270000000000,0.161900000000
1493914670,1603.270000000000,0.067900000000
1493914673,1603.420000000000,0.041000000000
1493914674,1603.420000000000,0.015500000000
1493914696,1602.330000000000,0.644000000000
1493914697,1602.330000000000,0.013200000000
1493914697,1602.330000000000,0.000100000000
1493914698,1602.330000000000,0.000100000000
1493914777,1602.160000000000,1.500000000000
1493914777,1599.180000000000,28.473000000000
1493914777,1601.690000000000,3.649800000000
1493914778,1599.000000000000,3.783400000000
1493914778,1599.000000000000,3.117200000000
1493914778,1599.000000000000,1.803200000000
1493914778,1599.000000000000,3.326500000000
1493914778,1599.000000000000,4.346900000000
1493914779,1600.810000000000,2.595000000000
1493914780,1600.740000000000,3.998600000000
1493914780,1598.990000000000,0.405000000000
1493914780,1599.000000000000,3.753800000000
1493914780,1599.000000000000,3.915300000000
1493914780,1599.000000000000,3.215800000000
1493914781,1599.000000000000,3.033600000000
1493914781,1599.000000000000,3.844700000000
1493914781,1599.000000000000,3.775500000000
1493914781,1599.000000000000,3.115100000000
1493914782,1599.000000000000,2.973500000000
1493914782,1599.000000000000,3.148000000000
1493914782,1599.000000000000,3.778900000000
1493914782,1599.000000000000,4.263000000000
1493914783,1599.000000000000,0.127700000000
1493914783,1599.000000000000,3.267800000000
1493914783,1599.000000000000,3.559600000000
1493914783,1599.000000000000,3.797600000000
1493914783,1599.000000000000,3.386600000000
1493914784,1599.000000000000,2.889700000000
1493914784,1599.000000000000,3.227700000000
1493914785,1599.000000000000,3.960400000000
1493914785,1599.000000000000,2.866200000000
1493914785,1599.000000000000,2.928400000000
1493914785,1599.000000000000,3.715500000000
1493914786,1599.000000000000,3.342900000000
1493914786,1599.000000000000,4.153300000000
1493914786,1599.000000000000,3.482600000000
1493914787,1599.000000000000,3.542600000000
1493914787,1599.000000000000,4.080800000000
1493914787,1599.000000000000,3.985100000000
1493914788,1599.000000000000,2.295600000000
1493914788,1599.000000000000,0.869700000000
1493914788,1599.000000000000,3.543100000000
1493914788,1599.000000000000,2.721600000000
1493914789,1599.000000000000,3.040100000000
1493914789,1599.000000000000,3.630500000000
1493914790,1599.000000000000,3.355700000000
1493914790,1599.000000000000,2.622900000000
1493914794,1599.000000000000,3.035100000000
1493914794,1599.000000000000,3.862200000000
1493914810,1599.000000000000,1.169000000000
1493914817,1599.000000000000,0.136800000000
1493914818,1599.000000000000,0.080200000000
1493914818,1599.000000000000,0.355000000000
1493914820,1599.000000000000,0.067600000000
1493914824,1599.000000000000,0.019900000000
1493914831,1599.000000000000,3.481700000000
1493914831,1599.000000000000,3.211800000000
1493914832,1599.000000000000,3.123200000000
1493914835,1599.000000000000,3.469200000000
1493914872,1599.000000000000,0.972000000000
1493914883,1599.000000000000,3.184400000000
1493914885,1599.000000000000,2.622400000000
1493914885,1599.000000000000,0.111100000000
1493914886,1599.000000000000,2.552100000000
1493914886,1599.000000000000,3.832500000000
1493914896,1599.000000000000,2.634000000000
1493914909,1598.960000000000,0.081800000000
1493914913,1599.000000000000,3.937200000000
1493914914,1599.000000000000,3.032900000000
1493914914,1599.000000000000,2.736800000000
1493914915,1599.000000000000,3.300700000000
1493914923,1599.000000000000,0.988000000000
1493914925,1598.820000000000,0.003500000000
1493914943,1599.000000000000,3.011500000000
1493914944,1599.000000000000,2.637100000000
1493914945,1599.000000000000,3.774700000000
1493914945,1599.000000000000,3.609500000000
1493914945,1599.000000000000,3.343300000000
1493914988,1599.000000000000,0.976000000000
1493914990,1598.900000000000,1.500000000000
1493914990,1598.900000000000,0.081300000000
1493914991,1597.720000000000,1.500000000000
1493914991,1597.740000000000,1.500000000000
1493914992,1597.720000000000,1.500000000000
1493914992,1597.800000000000,1.500000000000
1493914993,1597.800000000000,1.224000000000
1493914994,1598.900000000000,0.276000000000
1493915034,1596.630000000000,1.500000000000
1493915036,1596.600000000000,0.500000000000
1493915037,1596.680000000000,2.362000000000
1493915037,1596.590000000000,0.638000000000
1493915038,1596.590000000000,2.150900000000
1493915038,1596.670000000000,0.849100000000
1493915038,1596.670000000000,1.500000000000
1493915039,1596.650000000000,1.500000000000
1493915043,1597.820000000000,1.062000000000
1493915098,1596.070000000000,1.500000000000
1493915098,1595.610000000000,1.500000000000
1493915099,1595.610000000000,1.469000000000
1493915099,1596.080000000000,0.031000000000
1493915100,1595.780000000000,1.500000000000
1493915100,1595.780000000000,1.500000000000
1493915103,1595.770000000000,1.094000000000
1493915145,1595.330000000000,1.500000000000
1493915145,1595.320000000000,3.517000000000
1493915145,1593.410000000000,3.714900000000
1493915162,1596.610000000000,0.709000000000
1493915229,1595.990000000000,0.515000000000
1493915236,1595.200000000000,0.006600000000
1493915279,1596.590000000000,0.671000000000
1493915331,1597.010000000000,0.006700000000
1493915336,1595.940000000000,0.126500000000
1493915344,1596.970000000000,0.581000000000
1493915401,1597.070000000000,0.838000000000
1493915410,1597.070000000000,1.500000000000
1493915423,1597.070000000000,0.093100000000
1493915425,1596.480000000000,0.034300000000
1493915457,1595.560000000000,1.500000000000
1493915458,1595.080000000000,1.500000000000
1493915458,1594.840000000000,1.421000000000
1493915459,1595.580000000000,0.079000000000
1493915459,1594.920000000000,1.500000000000
1493915460,1595.060000000000,1.500000000000
1493915460,1594.920000000000,1.500000000000
1493915461,1595.230000000000,1.500000000000
1493915461,1595.060000000000,1.500000000000
1493915473,1597.020000000000,1.132000000000
1493915498,1596.800000000000,2.000000000000
1493915523,1596.980000000000,1.197000000000
1493915577,1597.060000000000,0.400000000000
1493915577,1597.060000000000,3.000000000000
1493915582,1597.060000000000,1.011000000000
1493915634,1596.810000000000,0.880000000000
1493915654,1595.990000000000,1.169000000000
1493915684,1595.630000000000,1.442500000000
1493915684,1595.640000000000,1.500000000000
1493915712,1596.810000000000,0.582000000000
1493915728,1595.650000000000,0.200000000000
1493915728,1595.660000000000,1.500000000000
1493915729,1595.580000000000,1.500000000000
1493915767,1595.570000000000,0.544000000000
1493915824,1595.450000000000,0.846000000000
1493915886,1595.010000000000,0.588000000000
1493915886,1593.770000000000,0.000600000000
1493915887,1593.770000000000,0.021300000000
1493915900,1595.400000000000,0.761700000000
1493915900,1595.010000000000,3.000000000000
1493915900,1595.030000000000,0.738300000000
1493915901,1595.280000000000,2.407600000000
1493915901,1595.080000000000,1.500000000000
1493915902,1595.270000000000,1.924600000000
1493915902,1595.000000000000,1.075400000000
1493915916,1595.560000000000,0.577200000000
1493915949,1595.560000000000,0.013400000000
1493915963,1595.560000000000,0.045700000000
1493915967,1595.560000000000,0.020300000000
1493915979,1595.560000000000,0.007200000000
1493915981,1594.380000000000,1.500000000000
1493915982,1594.180000000000,1.500000000000
1493915982,1594.190000000000,1.500000000000
1493916046,1593.560000000000,2.501500000000
1493916047,1594.220000000000,1.152200000000
1493916047,1593.590000000000,1.847800000000
1493916047,1593.600000000000,0.200000000000
1493916047,1593.560000000000,1.500000000000
1493916056,1594.210000000000,0.600000000000
1493916084,1594.210000000000,0.900000000000
1493916084,1593.590000000000,1.500000000000
1493916085,1593.770000000000,1.500000000000
1493916085,1593.770000000000,1.500000000000
1493916086,1593.720000000000,1.500000000000
1493916097,1592.670000000000,1.500000000000
1493916098,1591.900000000000,1.500000000000
1493916098,1591.950000000000,1.500000000000
1493916099,1592.680000000000,0.146500000000
1493916099,1591.950000000000,1.353500000000
1493916100,1592.110000000000,1.500000000000
1493916125,1589.420000000000,0.036000000000
1493916125,1590.500000000000,1.421400000000
1493916143,1590.140000000000,2.641200000000
1493916144,1590.150000000000,2.031300000000
1493916144,1590.140000000000,1.009800000000
1493916145,1590.150000000000,2.995100000000
1493916145,1590.150000000000,2.727500000000
1493916145,1590.140000000000,0.077000000000
1493916157,1589.050000000000,0.500000000000
1493916157,1589.060000000000,1.500000000000
1493916164,1589.060000000000,1.500000000000
1493916165,1589.050000000000,0.500000000000
1493916173,1589.260000000000,2.000000000000
1493916179,1589.270000000000,1.500000000000
1493916180,1589.250000000000,0.500000000000
1493916182,1590.090000000000,2.468900000000
1493916182,1590.090000000000,1.500000000000
1493916182,1590.130000000000,0.995500000000
1493916183,1590.090000000000,2.004500000000
1493916187,1590.200000000000,1.500000000000
1493916187,1590.190000000000,0.500000000000
1493916189,1588.940000000000,0.639900000000
1493916189,1590.200000000000,1.500000000000
1493916190,1590.000000000000,0.860100000000
1493916190,1589.070000000000,1.500000000000
1493916191,1589.020000000000,1.500000000000
1493916191,1589.020000000000,1.500000000000
1493916195,1589.060000000000,1.895700000000
1493916195,1589.050000000000,1.500000000000
1493916196,1589.060000000000,1.104300000000
1493916196,1589.050000000000,1.500000000000
1493916196,1589.200000000000,0.364900000000
1493916196,1589.200000000000,1.635100000000
1493916197,1589.500000000000,1.500000000000
1493916197,1589.550000000000,1.977300000000
1493916197,1589.050000000000,1.022700000000
1493916198,1589.440000000000,0.278000000000
1493916198,1589.260000000000,1.901000000000
1493916198,1589.050000000000,1.222000000000
1493916198,1589.050000000000,3.000000000000
1493916199,1589.050000000000,1.099000000000
1493916203,1589.080000000000,0.500000000000
1493916203,1589.500000000000,1.500000000000
1493916204,1588.860000000000,0.875500000000
1493916204,1589.500000000000,1.500000000000
1493916205,1589.440000000000,0.624500000000
1493916205,1588.850000000000,1.500000000000
1493916206,1588.950000000000,1.500000000000
1493916209,1587.550000000000,1.500000000000
1493916209,1587.540000000000,0.500000000000
1493916216,1588.580000000000,2.000000000000
1493916224,1588.710000000000,1.500000000000
1493916224,1588.700000000000,0.500000000000
1493916260,1589.770000000000,3.000000000000
1493916261,1589.780000000000,2.000000000000
1493916261,1589.820000000000,0.339300000000
1493916313,1590.510000000000,1.500000000000
1493916314,1590.500000000000,0.500000000000
1493916325,1589.230000000000,0.500000000000
1493916325,1589.240000000000,1.500000000000
1493916338,1589.240000000000,1.500000000000
1493916339,1589.230000000000,0.500000000000
1493916444,1591.950000000000,2.595700000000
1493916445,1591.990000000000,1.834900000000
1493916445,1591.950000000000,1.500000000000
1493916461,1591.940000000000,1.500000000000
1493916461,1591.940000000000,1.405400000000
1493916462,1591.940000000000,1.594600000000
1493916506,1591.740000000000,1.500000000000
1493916507,1591.820000000000,1.500000000000
1493916590,1591.170000000000,1.500000000000
1493916590,1591.160000000000,3.242300000000
1493916591,1591.000000000000,1.500000000000
1493916591,1591.000000000000,1.500000000000
1493916592,1591.000000000000,1.500000000000
1493916593,1591.000000000000,1.500000000000
1493916634,1591.000000000000,3.715600000000
1493916635,1591.000000000000,2.730400000000
1493916635,1591.000000000000,2.736900000000
1493916636,1591.000000000000,2.478500000000
1493916636,1591.000000000000,3.712000000000
1493916636,1591.000000000000,3.191800000000
1493916636,1591.000000000000,2.284100000000
1493916637,1591.000000000000,2.471300000000
1493916637,1591.000000000000,2.348900000000
1493916637,1591.000000000000,3.214900000000
1493916638,1591.000000000000,2.676300000000
1493916638,1591.000000000000,3.573700000000
1493916638,1591.000000000000,2.952400000000
1493916639,1591.000000000000,2.531100000000
1493916640,1591.000000000000,3.450500000000
1493916640,1591.000000000000,2.906300000000
1493916640,1591.000000000000,2.453900000000
1493916641,1591.000000000000,2.563700000000
1493916641,1591.000000000000,2.869600000000
1493916641,1591.000000000000,3.589300000000
1493916642,1591.000000000000,3.031900000000
1493916642,1591.000000000000,3.251400000000
1493916642,1591.000000000000,2.650900000000
1493916643,1591.000000000000,3.059000000000
1493916643,1591.000000000000,2.618400000000
1493916644,1591.000000000000,3.340400000000
1493916702,1591.000000000000,3.233200000000
1493916739,1591.000000000000,2.743600000000
1493916740,1591.000000000000,0.438900000000
1493916740,1591.000000000000,3.261300000000
1493916740,1591.000000000000,2.843300000000
1493916740,1591.000000000000,0.773100000000
1493916740,1591.000000000000,2.561100000000
1493916741,1591.000000000000,1.500000000000
1493916741,1590.990000000000,2.180200000000
1493916741,1590.990000000000,0.819800000000
1493916742,1591.010000000000,1.440500000000
1493916747,1590.980000000000,2.069600000000
1493916749,1590.970000000000,0.160500000000
1493916749,1591.110000000000,2.839500000000
1493916911,1592.460000000000,1.500000000000
1493916912,1592.450000000000,0.500000000000
1493916918,1592.460000000000,1.500000000000
1493916919,1592.420000000000,0.500000000000
1493916924,1592.450000000000,1.500000000000
1493916925,1592.440000000000,0.500000000000
1493916939,1592.790000000000,0.007000000000
1493916959,1593.390000000000,1.500000000000
1493916960,1593.390000000000,0.500000000000
1493916987,1593.610000000000,2.000000000000
1493917001,1593.660000000000,2.279300000000
1493917002,1593.660000000000,1.500000000000
1493917002,1593.660000000000,0.720700000000
1493917003,1593.940000000000,2.826900000000
1493917003,1593.660000000000,0.173100000000
1493917004,1593.880000000000,2.000000000000
1493917017,1595.190000000000,2.000000000000
1493917031,1595.250000000000,1.500000000000
1493917031,1595.110000000000,0.500000000000
1493917034,1596.670000000000,0.007900000000
1493917038,1595.290000000000,2.000000000000
1493917060,1595.710000000000,1.500000000000
1493917064,1595.710000000000,0.500000000000
1493917069,1595.790000000000,1.500000000000
1493917070,1595.780000000000,3.252000000000
1493917070,1595.780000000000,0.500000000000
1493917092,1595.850000000000,2.552600000000
1493917131,1596.300000000000,1.500000000000
1493917131,1596.290000000000,2.081400000000
1493917232,1595.860000000000,1.500000000000
1493917232,1595.860000000000,1.493500000000
1493917232,1595.860000000000,1.530400000000
1493917232,1595.870000000000,1.500000000000
1493917233,1595.140000000000,1.500000000000
1493917233,1595.860000000000,0.733100000000
1493917234,1595.050000000000,1.500000000000
1493917234,1595.050000000000,1.500000000000
1493917235,1595.260000000000,1.500000000000
1493917247,1595.240000000000,3.000000000000
1493917311,1597.310000000000,3.000000000000
1493917326,1596.030000000000,0.000100000000
1493917327,1596.030000000000,0.000100000000
