1470270466,569.550000000000,0.183000000000
1470270471,569.930000000000,0.186000000000
1470270526,569.010000000000,0.261000000000
1470270527,568.970000000000,2.938300000000
1470270527,568.980000000000,0.250000000000
1470270545,570.480000000000,0.336800000000
1470270546,570.600000000000,0.000600000000
1470270592,570.590000000000,0.267000000000
1470270592,570.640000000000,0.237000000000
1470270605,571.130000000000,0.333300000000
1470270605,571.370000000000,0.267000000000
1470270605,570.990000000000,50.000000000000
1470270605,570.980000000000,0.211000000000
1470270633,570.670000000000,0.075100000000
1470270639,570.670000000000,0.164000000000
1470270648,570.670000000000,4.500400000000
1470270655,570.670000000000,0.199000000000
1470270721,569.750000000000,0.359500000000
1470270807,570.030000000000,0.018400000000
1470270959,570.200000000000,0.030600000000
1470270973,569.930000000000,0.183000000000
1470270973,569.930000000000,0.186000000000
1470270974,569.930000000000,0.183000000000
1470270974,569.930000000000,0.181000000000
1470270974,569.930000000000,0.188000000000
1470270974,569.930000000000,0.186000000000
1470270974,569.930000000000,0.187000000000
1470270974,569.930000000000,0.181000000000
1470271016,570.240000000000,10.000000000000
1470271180,569.920000000000,0.188000000000
1470271180,569.920000000000,0.187000000000
1470271225,571.230000000000,0.418300000000
1470271226,570.340000000000,0.257000000000
1470271231,570.240000000000,0.061200000000
1470271366,571.040000000000,4.890000000000
1470271366,571.170000000000,10.000000000000
1470271367,570.580000000000,2.960000000000
1470271380,570.660000000000,0.018400000000
1470271466,570.970000000000,0.053500000000
1470271614,570.590000000000,0.250000000000
1470271633,570.590000000000,0.186000000000
1470271633,570.590000000000,0.183000000000
1470271633,570.590000000000,0.187000000000
1470271633,570.590000000000,0.183000000000
1470271633,570.590000000000,0.187000000000
1470271633,570.590000000000,0.181000000000
1470271634,570.590000000000,0.188000000000
1470271634,570.590000000000,0.186000000000
1470271634,570.590000000000,0.181000000000
1470271644,571.980000000000,0.035000000000
1470271710,571.350000000000,10.000000000000
1470271710,571.290000000000,4.900000000000
1470271802,569.950000000000,0.187000000000
1470271803,570.270000000000,0.181000000000
1470271803,570.270000000000,0.219000000000
1470271803,570.270000000000,0.070000000000
1470271804,570.270000000000,0.014900000000
1470271804,570.270000000000,0.183000000000
1470271835,570.270000000000,0.181000000000
1470271835,570.270000000000,0.188000000000
1470271835,570.270000000000,0.168100000000
1470271836,570.270000000000,0.110800000000
1470271921,570.270000000000,0.077200000000
1470271922,570.270000000000,0.186000000000
1470271922,570.270000000000,0.183000000000
1470271922,570.270000000000,0.181000000000
1470271922,570.270000000000,0.094000000000
1470271923,570.360000000000,0.871900000000
1470271940,570.910000000000,3.758000000000
1470271940,570.900000000000,0.242000000000
1470272017,570.420000000000,0.186000000000
1470272017,570.420000000000,0.268000000000
1470272017,570.420000000000,0.183000000000
1470272018,570.430000000000,0.801600000000
1470272046,570.430000000000,3.416400000000
1470272054,570.430000000000,0.188000000000
1470272055,570.590000000000,0.181100000000
1470272073,570.040000000000,1.503000000000
1470272102,569.350000000000,0.019900000000
1470272110,570.040000000000,0.181000000000
1470272110,570.040000000000,0.183000000000
1470272110,570.040000000000,0.181000000000
1470272111,570.040000000000,0.188000000000
1470272111,570.040000000000,0.187900000000
1470272111,570.040000000000,0.186000000000
1470272112,570.120000000000,0.249500000000
1470272131,570.120000000000,1.583900000000
1470272192,570.000000000000,3.112800000000
1470272193,569.870000000000,0.050000000000
1470272206,569.870000000000,0.030600000000
1470272252,569.870000000000,0.465000000000
1470272312,569.870000000000,1.125600000000
1470272318,569.870000000000,0.186000000000
1470272319,569.870000000000,0.069000000000
1470272319,569.870000000000,0.184000000000
1470272342,570.160000000000,0.037100000000
1470272372,570.160000000000,9.476100000000
1470272403,570.290000000000,0.188100000000
1470272447,571.240000000000,0.205400000000
1470272483,571.490000000000,0.808000000000
1470272483,571.240000000000,0.003600000000
1470272492,570.750000000000,3.477300000000
1470272495,570.770000000000,0.050000000000
1470272495,570.770000000000,0.100000000000
1470272522,570.770000000000,0.302200000000
1470272552,570.470000000000,0.217000000000
1470272552,570.760000000000,0.234000000000
1470272552,570.760000000000,0.187000000000
1470272553,570.770000000000,0.698700000000
1470272567,570.640000000000,0.157000000000
1470272581,570.640000000000,0.183000000000
1470272581,570.640000000000,0.186000000000
1470272581,570.640000000000,0.182000000000
1470272582,570.640000000000,0.186000000000
1470272582,570.640000000000,0.188000000000
1470272582,570.640000000000,0.181000000000
1470272583,571.260000000000,0.258000000000
1470272583,571.220000000000,4.153500000000
1470272586,571.740000000000,0.382300000000
1470272586,571.750000000000,0.223000000000
1470272586,571.620000000000,0.246000000000
1470272589,571.750000000000,0.091000000000
1470272597,571.750000000000,0.610000000000
1470272604,571.750000000000,0.056000000000
1470272608,571.490000000000,5.050000000000
1470272608,571.760000000000,2.100000000000
1470272608,570.860000000000,0.118100000000
1470272608,571.180000000000,3.030000000000
1470272642,570.950000000000,0.504600000000
1470272673,570.950000000000,2.996800000000
1470272697,570.950000000000,0.029100000000
1470272702,570.950000000000,0.158900000000
1470272702,570.950000000000,0.184000000000
1470272702,570.950000000000,0.173900000000
1470272735,570.950000000000,0.009100000000
1470272736,570.950000000000,0.188000000000
1470272736,570.950000000000,0.188000000000
1470272736,570.950000000000,0.186000000000
1470272737,570.950000000000,0.182000000000
1470272737,570.950000000000,0.181000000000
1470272737,570.950000000000,0.186000000000
1470272737,571.820000000000,0.252900000000
1470272738,571.830000000000,5.201400000000
1470272762,571.740000000000,0.061900000000
1470272785,571.730000000000,0.044400000000
1470272831,571.880000000000,1.000000000000
1470272852,571.130000000000,0.183000000000
1470272852,571.130000000000,0.082000000000
1470272852,571.130000000000,0.181000000000
1470272852,571.130000000000,0.186000000000
1470272853,571.130000000000,0.186000000000
1470272853,571.130000000000,0.146000000000
1470272853,571.130000000000,0.188000000000
1470272854,571.130000000000,0.188000000000
1470272854,571.950000000000,0.361300000000
1470272870,571.280000000000,0.010000000000
1470272870,571.280000000000,0.100000000000
1470272883,570.900000000000,0.490600000000
1470272912,570.890000000000,2.138500000000
1470272914,570.890000000000,0.187000000000
1470272914,570.890000000000,2.061500000000
1470272914,570.890000000000,0.188000000000
1470272915,570.890000000000,0.183000000000
1470272915,570.890000000000,0.055000000000
1470272915,570.890000000000,0.189000000000
1470272916,570.900000000000,0.160700000000
1470272934,571.280000000000,0.235500000000
1470272942,571.270000000000,0.043400000000
1470272955,571.270000000000,1.124900000000
1470272983,571.280000000000,0.106000000000
1470273003,571.270000000000,0.371800000000
1470273005,571.270000000000,0.206900000000
1470273040,571.270000000000,0.621300000000
1470273040,571.270000000000,0.106800000000
1470273054,571.270000000000,0.080200000000
1470273055,571.270000000000,0.188000000000
1470273055,571.270000000000,0.184000000000
1470273055,571.270000000000,0.187000000000
1470273056,571.270000000000,0.033500000000
1470273056,571.270000000000,0.189000000000
1470273085,570.860000000000,0.181000000000
1470273122,570.590000000000,0.901300000000
1470273145,570.590000000000,0.353300000000
1470273152,570.590000000000,4.729800000000
1470273182,570.590000000000,0.189000000000
1470273182,570.590000000000,0.182000000000
1470273182,570.590000000000,0.150500000000
1470273183,570.590000000000,0.182000000000
1470273184,570.590000000000,0.184000000000
1470273185,570.590000000000,0.188000000000
1470273186,570.590000000000,0.187000000000
1470273186,570.590000000000,0.189000000000
1470273186,570.640000000000,1.008800000000
1470273241,570.640000000000,0.233700000000
1470273290,570.450000000000,0.197000000000
1470273302,570.270000000000,0.217900000000
1470273305,570.270000000000,0.108000000000
1470273307,570.270000000000,0.137900000000
1470273308,570.270000000000,0.012900000000
1470273331,570.270000000000,3.890900000000
1470273342,570.270000000000,0.148000000000
1470273342,570.270000000000,0.190000000000
1470273345,570.270000000000,0.041700000000
1470273345,570.270000000000,0.041000000000
1470273360,570.270000000000,0.030600000000
1470273363,570.270000000000,0.115700000000
1470273364,570.270000000000,0.184000000000
1470273364,570.270000000000,0.114700000000
1470273368,570.270000000000,0.068300000000
1470273368,570.270000000000,0.079300000000
1470273392,570.270000000000,0.190000000000
1470273392,570.270000000000,0.185000000000
1470273392,570.270000000000,0.102700000000
1470273393,570.980000000000,0.664600000000
1470273393,570.270000000000,0.188000000000
1470273397,570.980000000000,0.138100000000
1470273406,570.980000000000,0.100000000000
1470273409,570.860000000000,0.186000000000
1470273410,570.860000000000,0.199000000000
1470273413,570.860000000000,0.268000000000
1470273422,570.860000000000,0.346600000000
1470273424,570.860000000000,0.110000000000
1470273449,571.710000000000,0.087300000000
1470273454,571.710000000000,0.320800000000
1470273482,571.710000000000,1.539900000000
1470273504,571.050000000000,0.149000000000
1470273504,571.380000000000,0.188000000000
1470273504,570.890000000000,0.232000000000
1470273505,570.860000000000,0.098900000000
1470273505,570.850000000000,4.132100000000
1470273564,571.560000000000,0.188000000000
1470273565,571.770000000000,0.305900000000
1470273565,571.760000000000,0.291000000000
1470273566,571.770000000000,0.780600000000
1470273569,571.770000000000,0.776300000000
1470273572,571.530000000000,0.268000000000
1470273572,571.770000000000,0.989900000000
1470273615,571.930000000000,0.622800000000
1470273617,571.930000000000,0.385300000000
1470273620,571.930000000000,0.038800000000
1470273625,571.930000000000,0.018200000000
1470273634,571.930000000000,0.018200000000
1470273644,571.930000000000,0.018200000000
1470273646,571.930000000000,2.306400000000
1470273648,572.090000000000,0.122300000000
1470273666,571.790000000000,0.236900000000
1470273813,572.130000000000,0.296800000000
1470273873,572.130000000000,0.147600000000
1470273873,572.170000000000,3.224800000000
1470273877,572.160000000000,0.015300000000
1470273902,572.120000000000,0.160000000000
1470273902,572.340000000000,0.161500000000
1470273932,572.350000000000,3.200600000000
1470273937,572.340000000000,0.233000000000
1470273965,572.340000000000,0.128900000000
1470273969,572.340000000000,1.091100000000
1470273975,572.340000000000,0.766900000000
1470273985,572.360000000000,0.762600000000
1470273987,572.360000000000,0.695500000000
1470273989,572.430000000000,0.608200000000
1470273990,572.430000000000,0.747600000000
1470273998,572.310000000000,0.743600000000
1470274022,572.310000000000,4.868300000000
1470274025,572.280000000000,0.114600000000
1470274050,571.840000000000,0.025700000000
1470274143,572.280000000000,0.448000000000
1470274176,572.280000000000,0.137500000000
1470274386,572.080000000000,0.183000000000
1470274386,572.080000000000,0.182000000000
1470274386,572.080000000000,0.185000000000
1470274386,572.080000000000,0.190000000000
1470274387,572.080000000000,0.051300000000
1470274396,571.240000000000,0.207000000000
1470274405,570.940000000000,0.186000000000
1470274405,570.940000000000,0.183000000000
1470274406,571.110000000000,0.188000000000
1470274407,571.110000000000,0.184000000000
1470274408,571.110000000000,0.188000000000
1470274408,571.110000000000,0.138700000000
1470274409,570.870000000000,0.166000000000
1470274411,570.740000000000,3.010000000000
1470274411,570.550000000000,5.040000000000
1470274412,570.520000000000,0.172000000000
1470274439,570.770000000000,0.184000000000
1470274440,570.770000000000,0.191000000000
1470274440,570.770000000000,0.186000000000
1470274440,570.770000000000,0.184000000000
1470274472,571.950000000000,0.045800000000
1470274560,570.760000000000,0.259800000000
1470274563,570.760000000000,0.524300000000
1470274622,570.760000000000,0.956400000000
1470274647,570.710000000000,0.268900000000
1470274656,570.710000000000,0.172500000000
1470274661,570.700000000000,0.012800000000
1470274712,570.700000000000,0.020100000000
1470274714,570.700000000000,0.185000000000
1470274714,570.700000000000,0.190000000000
1470274714,570.700000000000,0.163900000000
1470274715,570.700000000000,0.188000000000
1470274715,570.700000000000,0.300000000000
1470274715,570.700000000000,0.186000000000
1470274715,570.700000000000,0.184000000000
1470274715,570.700000000000,0.191000000000
1470274742,571.570000000000,0.066900000000
1470274749,570.830000000000,0.222000000000
1470274772,570.570000000000,1.831300000000
1470274772,570.450000000000,0.172000000000
1470274797,570.420000000000,0.053500000000
1470274816,570.420000000000,0.736500000000
1470274818,570.420000000000,0.732400000000
1470274832,570.420000000000,0.237200000000
1470274862,570.420000000000,1.486800000000
1470274892,570.420000000000,0.191000000000
1470274892,570.420000000000,0.189500000000
1470274892,570.420000000000,0.187000000000
1470274893,570.420000000000,0.121100000000
1470274894,570.420000000000,0.063900000000
1470274894,571.320000000000,0.177400000000
1470274894,570.420000000000,0.192000000000
1470274894,570.480000000000,54.680100000000
1470274895,571.630000000000,44.886600000000
1470274905,572.000000000000,48.340500000000
1470274905,571.060000000000,51.659500000000
1470274947,570.800000000000,0.021700000000
1470274950,571.240000000000,0.076500000000
1470275040,572.000000000000,0.206400000000
1470275128,573.130000000000,0.666600000000
1470275129,573.570000000000,0.169600000000
1470275129,573.490000000000,0.199000000000
1470275195,573.580000000000,0.516000000000
1470275211,573.870000000000,0.505000000000
1470275219,573.870000000000,0.705000000000
1470275220,573.870000000000,0.213800000000
1470275224,574.130000000000,0.106600000000
1470275230,574.130000000000,1.893400000000
1470275230,574.000000000000,1.000000000000
1470275230,574.420000000000,15.106600000000
1470275234,574.060000000000,0.312000000000
1470275234,574.060000000000,0.264800000000
1470275234,574.140000000000,0.351000000000
1470275235,574.050000000000,0.072200000000
1470275247,574.050000000000,3.799500000000
1470275247,574.110000000000,0.200500000000
1470275253,574.520000000000,0.690700000000
1470275282,574.590000000000,1.247700000000
1470275292,574.580000000000,0.283000000000
1470275297,574.940000000000,12.783000000000
1470275297,574.660000000000,1.000000000000
1470275297,574.500000000000,0.717000000000
1470275309,575.000000000000,0.362700000000
1470275310,575.000000000000,0.008100000000
1470275346,574.120000000000,0.378300000000
1470275372,574.580000000000,0.193200000000
1470275372,574.510000000000,0.415000000000
1470275411,575.000000000000,0.369000000000
1470275412,575.020000000000,0.167000000000
1470275412,575.010000000000,0.354000000000
1470275522,574.680000000000,1.027700000000
1470275523,574.680000000000,4.625600000000
1470275604,573.720000000000,0.307000000000
1470275612,573.270000000000,0.419000000000
1470275685,572.920000000000,0.183000000000
1470275686,572.920000000000,0.103000000000
1470275686,572.920000000000,0.185000000000
1470275686,572.920000000000,0.188000000000
1470275694,572.920000000000,0.190000000000
1470275694,572.920000000000,0.085000000000
1470275940,573.740000000000,0.023300000000
1470276005,573.710000000000,0.367000000000
1470276005,573.280000000000,0.376000000000
1470276005,573.020000000000,0.448000000000
1470276009,572.940000000000,0.810000000000
1470276014,573.270000000000,0.720000000000
1470276017,573.270000000000,0.273900000000
1470276104,573.270000000000,0.175000000000
1470276105,573.270000000000,0.015000000000
1470276122,574.690000000000,1.108000000000
1470276221,574.520000000000,1.483000000000
1470276256,574.800000000000,0.015200000000
1470276313,574.790000000000,0.183000000000
1470276313,574.790000000000,0.187000000000
1470276314,574.790000000000,0.190000000000
1470276314,574.790000000000,0.182000000000
1470276315,574.790000000000,0.188000000000
1470276315,574.790000000000,0.190000000000
1470276316,574.790000000000,0.188000000000
1470276316,574.790000000000,0.185500000000
1470276317,575.190000000000,0.183000000000
1470276325,575.260000000000,0.688000000000
1470276326,575.290000000000,0.579000000000
1470276326,575.300000000000,50.000000000000
1470276362,576.000000000000,0.050000000000
1470276392,575.760000000000,0.583000000000
1470276392,575.500000000000,0.454000000000
1470276392,575.640000000000,0.576000000000
1470276394,575.760000000000,0.185900000000
1470276396,575.760000000000,0.340000000000
1470276396,575.760000000000,0.183000000000
1470276397,575.670000000000,0.188000000000
1470276397,575.670000000000,0.191000000000
1470276398,575.670000000000,0.187000000000
1470276398,575.670000000000,0.190000000000
1470276398,575.670000000000,0.183000000000
1470276400,575.670000000000,0.183000000000
1470276423,576.110000000000,0.427000000000
1470276423,576.100000000000,1.000000000000
1470276423,576.180000000000,0.433900000000
1470276423,576.000000000000,1.000000000000
1470276424,576.540000000000,0.553000000000
1470276424,576.550000000000,0.454000000000
1470276425,576.550000000000,0.400000000000
1470276435,576.550000000000,3.000000000000
1470276490,576.780000000000,0.666600000000
1470276491,577.320000000000,0.319000000000
1470276492,577.560000000000,0.678000000000
1470276536,577.780000000000,0.777700000000
1470276536,577.770000000000,0.269000000000
1470276536,577.770000000000,0.354000000000
1470276542,578.160000000000,0.281000000000
1470276545,578.210000000000,0.660000000000
1470276595,578.780000000000,0.888800000000
1470276604,578.970000000000,0.678000000000
1470276652,578.280000000000,0.210300000000
1470276662,579.000000000000,72.411700000000
1470276722,579.000000000000,27.588300000000
1470276782,579.780000000000,1.666600000000
1470276811,579.680000000000,0.167600000000
1470276811,579.580000000000,0.272400000000
1470277099,580.630000000000,10.000000000000
1470277112,581.050000000000,50.000000000000
1470277159,581.190000000000,0.077300000000
1470277160,581.340000000000,0.235000000000
1470277161,581.220000000000,0.315900000000
1470277161,581.220000000000,0.134400000000
1470277161,581.220000000000,0.279700000000
1470277172,581.290000000000,0.220000000000
1470277172,581.760000000000,0.356000000000
1470277173,581.940000000000,0.278000000000
1470277173,581.950000000000,0.429600000000
1470277178,582.050000000000,0.136700000000
1470277179,581.400000000000,0.120000000000
1470277185,581.400000000000,0.238100000000
1470277185,581.410000000000,0.466900000000
1470277192,581.400000000000,0.020000000000
1470277200,581.400000000000,0.060000000000
1470277201,581.400000000000,6.659000000000
1470277207,582.160000000000,0.157000000000
1470277215,582.170000000000,0.237800000000
1470277216,582.160000000000,0.000200000000
1470277223,582.310000000000,0.160000000000
1470277230,582.310000000000,0.240000000000
1470277233,582.490000000000,0.266700000000
1470277237,582.490000000000,0.713000000000
1470277245,582.490000000000,1.000000000000
1470277252,582.310000000000,0.220000000000
1470277277,582.390000000000,0.184000000000
1470277285,582.390000000000,0.038000000000
1470277292,582.670000000000,0.430000000000
1470277322,582.780000000000,2.000000000000
1470277330,582.970000000000,0.030000000000
1470277337,583.000000000000,0.122000000000
1470277345,583.710000000000,1.000000000000
1470277346,583.710000000000,0.021500000000
1470277353,583.710000000000,0.060000000000
1470277360,583.940000000000,0.523000000000
1470277368,583.940000000000,1.000000000000
1470277375,583.940000000000,0.030000000000
1470277377,583.990000000000,0.094600000000
1470277379,583.990000000000,0.104400000000
1470277383,583.990000000000,0.750000000000
1470277406,583.990000000000,0.021500000000
1470277420,583.990000000000,1.524100000000
1470277421,583.920000000000,1.038300000000
1470277427,584.000000000000,0.179500000000
1470277433,584.000000000000,1.500000000000
1470277436,583.920000000000,0.016500000000
1470277453,583.660000000000,0.403200000000
1470277499,584.000000000000,66.325000000000
1470277502,584.000000000000,31.995500000000
1470277530,584.730000000000,0.061500000000
1470277542,584.590000000000,5.000000000000
1470277558,585.160000000000,0.671000000000
1470277561,585.290000000000,1.000700000000
1470277575,585.290000000000,0.021500000000
1470277592,585.290000000000,0.168100000000
1470277596,585.290000000000,0.075900000000
1470277604,585.290000000000,0.398000000000
1470277630,583.530000000000,0.280000000000
1470277640,583.530000000000,0.337000000000
1470277652,583.290000000000,0.293000000000
1470277658,583.290000000000,0.269000000000
1470277669,583.290000000000,0.276000000000
1470277678,583.290000000000,0.359000000000
1470277684,581.780000000000,0.325000000000
1470277688,582.680000000000,0.211400000000
1470277688,583.140000000000,0.133000000000
1470277689,583.240000000000,0.411200000000
1470277689,583.240000000000,0.104000000000
1470277690,583.240000000000,0.127000000000
1470277691,583.240000000000,0.292000000000
1470277735,582.560000000000,0.600000000000
1470277741,583.550000000000,0.149600000000
1470277760,583.000000000000,5.000000000000
1470277773,583.000000000000,57.185500000000
1470277774,582.730000000000,0.093000000000
1470277774,583.000000000000,42.814500000000
1470277776,582.640000000000,0.082000000000
1470277803,582.640000000000,0.170000000000
1470277822,582.150000000000,0.112000000000
1470277823,581.910000000000,0.141300000000
1470277823,581.920000000000,0.104000000000
1470277880,582.290000000000,0.154000000000
1470277938,580.950000000000,0.175000000000
1470277945,580.960000000000,0.059000000000
1470277945,580.980000000000,0.095000000000
1470277952,580.780000000000,0.095000000000
1470277960,580.780000000000,1.000000000000
1470277967,580.780000000000,0.060000000000
1470277974,580.790000000000,0.030000000000
1470277982,580.780000000000,0.811000000000
1470277985,582.000000000000,2.850000000000
1470277990,582.400000000000,1.000000000000
1470277995,580.430000000000,0.102000000000
1470277998,580.700000000000,0.120000000000
1470278036,580.460000000000,0.135000000000
1470278037,579.890000000000,0.111000000000
1470278037,580.060000000000,0.134000000000
1470278040,579.880000000000,0.232000000000
1470278141,579.030000000000,0.045200000000
1470278283,579.200000000000,0.130000000000
1470278311,578.190000000000,0.290000000000
1470278316,578.190000000000,1.000000000000
1470278323,578.050000000000,0.303000000000
1470278330,577.270000000000,0.173000000000
1470278338,576.970000000000,0.276000000000
1470278338,576.970000000000,1.811400000000
1470278343,576.940000000000,0.289000000000
1470278345,576.940000000000,1.000000000000
1470278348,576.820000000000,0.149000000000
1470278352,576.820000000000,0.040000000000
1470278361,576.680000000000,1.000000000000
1470278368,576.220000000000,0.748000000000
1470278376,576.670000000000,0.235000000000
1470278383,576.510000000000,0.434000000000
1470278392,576.510000000000,1.000000000000
1470278399,576.430000000000,0.602000000000
1470278406,576.430000000000,1.000000000000
1470278413,576.440000000000,0.445000000000
1470278421,576.050000000000,0.000100000000
1470278421,576.180000000000,0.433900000000
1470278428,576.050000000000,1.000000000000
1470278435,575.870000000000,0.611000000000
1470278443,575.910000000000,0.374000000000
1470278449,575.910000000000,0.266000000000
1470278457,575.910000000000,0.282000000000
1470278464,576.320000000000,0.122000000000
1470278473,576.320000000000,1.000000000000
1470278480,576.320000000000,0.285000000000
1470278487,576.320000000000,1.000000000000
1470278494,576.330000000000,0.070000000000
1470278502,576.330000000000,0.030000000000
1470278509,576.330000000000,0.210000000000
1470278517,576.330000000000,0.030000000000
1470278524,576.330000000000,1.000000000000
1470278532,576.480000000000,0.138000000000
1470278540,576.160000000000,0.150000000000
1470278548,576.180000000000,0.143000000000
1470278554,576.190000000000,0.361000000000
1470278562,576.190000000000,0.030000000000
1470278569,576.160000000000,0.161000000000
1470278577,576.160000000000,0.277000000000
1470278584,577.790000000000,0.340000000000
1470278592,577.790000000000,0.148000000000
1470278599,577.790000000000,0.260000000000
1470278605,577.790000000000,0.053100000000
1470278606,577.790000000000,1.000000000000
1470278614,577.790000000000,1.000000000000
1470278621,577.990000000000,0.754000000000
1470278628,576.230000000000,0.010000000000
1470278636,576.230000000000,1.000000000000
1470278644,575.900000000000,0.043000000000
1470278684,577.000000000000,0.207800000000
1470278689,577.060000000000,0.270900000000
1470278750,577.120000000000,0.212400000000
1470278792,577.320000000000,0.160000000000
1470278860,579.050000000000,0.009900000000
1470278882,581.160000000000,0.123000000000
1470278883,581.950000000000,0.429600000000
1470278883,581.190000000000,0.136000000000
1470278883,581.730000000000,0.196000000000
1470279033,581.760000000000,0.126000000000
1470279033,581.140000000000,0.451300000000
1470279034,582.300000000000,0.175000000000
1470279052,581.730000000000,0.230200000000
1470279059,582.400000000000,0.475100000000
1470279080,581.940000000000,0.242500000000
1470279116,581.600000000000,0.469000000000
1470279151,581.490000000000,0.172000000000
1470279194,580.720000000000,0.091000000000
1470279196,580.550000000000,0.112000000000
1470279204,580.140000000000,0.233000000000
1470279249,581.860000000000,0.239200000000
1470279272,582.380000000000,0.146000000000
1470279286,581.460000000000,0.470900000000
1470279303,581.850000000000,0.352700000000
1470279304,582.450000000000,10.000000000000
1470279305,582.360000000000,0.103000000000
1470279337,582.360000000000,0.010800000000
1470279357,582.360000000000,0.037200000000
1470279425,582.460000000000,0.131000000000
1470279442,582.510000000000,0.019400000000
1470279443,582.060000000000,0.412700000000
1470279513,581.270000000000,0.030100000000
1470279597,581.540000000000,0.601900000000
1470279691,581.130000000000,0.102000000000
1470279701,581.100000000000,0.086000000000
1470279945,581.060000000000,0.120000000000
1470279945,581.140000000000,0.118000000000
1470279948,580.820000000000,0.216000000000
1470279996,580.630000000000,0.018100000000
1470280360,581.180000000000,0.026000000000
1470280393,581.740000000000,0.035900000000
1470280644,581.360000000000,0.043700000000
1470280854,580.980000000000,0.015100000000
1470280892,580.570000000000,0.120000000000
1470280904,580.550000000000,0.085000000000
1470280934,580.980000000000,0.072900000000
1470280938,581.210000000000,0.113000000000
1470281000,579.690000000000,54.146500000000
1470281000,579.770000000000,0.104000000000
1470281000,579.880000000000,0.113000000000
1470281186,580.080000000000,1.600000000000
1470281297,580.110000000000,0.018200000000
1470281407,580.730000000000,0.015100000000
1470281417,579.940000000000,0.064000000000
1470281480,579.930000000000,0.067800000000
1470281496,580.340000000000,0.037700000000
1470281530,579.930000000000,0.061300000000
1470281555,579.930000000000,0.203100000000
1470281555,579.690000000000,45.853500000000
1470281582,579.360000000000,0.018100000000
1470281704,578.990000000000,0.082000000000
1470281704,578.930000000000,0.101000000000
1470281704,578.920000000000,51.196600000000
1470281782,578.920000000000,49.950600000000
1470281786,578.920000000000,19.852800000000
1470281852,578.010000000000,0.099000000000
1470281853,578.010000000000,0.114000000000
1470282105,578.770000000000,0.096500000000
1470282133,578.760000000000,0.072100000000
1470282152,579.030000000000,0.165000000000
1470282152,579.030000000000,0.165000000000
1470282196,578.800000000000,0.165000000000
1470282198,578.860000000000,0.165000000000
1470282219,578.370000000000,0.080000000000
1470282224,578.000000000000,0.073000000000
1470282454,579.430000000000,0.184000000000
1470282545,578.900000000000,0.069000000000
1470282618,579.020000000000,2.830000000000
1470282619,578.570000000000,0.082000000000
1470282619,578.700000000000,3.010000000000
1470282662,578.190000000000,0.080000000000
1470282665,577.920000000000,0.219000000000
1470282684,579.280000000000,0.086000000000
1470282738,578.710000000000,0.012800000000
1470283096,579.730000000000,4.800000000000
1470283209,580.190000000000,8.000000000000
1470283412,580.330000000000,0.088000000000
1470283454,580.720000000000,0.118000000000
1470283603,581.300000000000,0.070900000000
1470283939,582.260000000000,0.174700000000
1470284274,582.330000000000,0.611000000000
1470284280,582.330000000000,0.060200000000
1470284504,582.350000000000,0.382100000000
1470284735,582.520000000000,0.031600000000
1470285134,583.220000000000,0.089000000000
1470285136,583.550000000000,0.073000000000
1470285144,583.550000000000,0.211000000000
1470285194,583.730000000000,0.099000000000
1470285199,583.000000000000,0.397100000000
1470285381,582.730000000000,0.030100000000
1470285561,581.620000000000,1.600000000000
1470285561,581.630000000000,0.389500000000
1470285626,581.450000000000,0.394000000000
1470285628,581.440000000000,0.082000000000
1470285632,581.380000000000,0.079000000000
1470285662,581.040000000000,0.107000000000
1470285842,581.070000000000,0.078000000000
1470285873,580.720000000000,0.115000000000
1470285967,580.370000000000,0.121000000000
1470286093,580.750000000000,0.075400000000
1470286305,579.960000000000,0.048300000000
1470286322,579.780000000000,0.154000000000
1470286328,579.950000000000,0.079000000000
1470286331,579.320000000000,0.083000000000
1470286331,579.450000000000,0.096000000000
1470286331,579.650000000000,0.121000000000
1470286412,578.970000000000,0.087000000000
1470286412,579.270000000000,0.105000000000
1470286498,579.380000000000,0.391700000000
1470286583,580.140000000000,0.083000000000
1470286662,578.920000000000,0.106000000000
1470286662,578.850000000000,0.125000000000
1470286662,578.570000000000,0.134000000000
1470286663,578.230000000000,0.127000000000
1470286663,578.850000000000,0.370100000000
1470286663,577.870000000000,0.112000000000
1470286664,577.630000000000,0.132800000000
1470286701,578.440000000000,0.268100000000
1470286706,578.440000000000,0.314800000000
1470286802,578.120000000000,0.307000000000
1470286840,578.110000000000,0.157000000000
1470286912,578.620000000000,0.165000000000
1470286912,578.570000000000,0.169000000000
1470286913,578.880000000000,0.139000000000
1470286921,579.220000000000,0.120000000000
1470286981,579.790000000000,0.134000000000
1470286981,579.920000000000,0.118000000000
1470286982,579.930000000000,46.220800000000
1470287044,580.000000000000,3.527200000000
1470287132,578.390000000000,0.153000000000
1470287132,578.740000000000,0.125000000000
1470287381,578.460000000000,45.305500000000
1470287381,579.430000000000,0.119000000000
1470287382,579.580000000000,4.575500000000
1470287406,578.080000000000,0.134000000000
1470287406,577.740000000000,0.122000000000
1470287406,577.710000000000,0.150000000000
1470287407,577.630000000000,0.021600000000
1470287407,577.630000000000,0.021600000000
1470287407,577.630000000000,0.021600000000
1470287408,577.510000000000,0.124000000000
1470287421,577.510000000000,1.053700000000
1470287743,577.400000000000,0.121000000000
1470287743,577.390000000000,0.131000000000
1470287743,577.740000000000,0.165000000000
1470287744,577.090000000000,0.170000000000
1470287744,576.750000000000,0.100000000000
1470287745,576.750000000000,0.161000000000
1470287828,576.750000000000,0.335000000000
1470288009,576.560000000000,0.145000000000
1470288092,576.890000000000,0.184000000000
1470288211,577.040000000000,4.400000000000
1470288447,577.680000000000,0.043400000000
1470288844,578.110000000000,0.138000000000
1470288879,578.470000000000,0.030200000000
1470288904,578.470000000000,0.150800000000
1470289033,578.450000000000,0.139000000000
1470289082,578.770000000000,0.176000000000
1470289091,579.100000000000,0.140000000000
1470289091,579.510000000000,0.082800000000
1470289091,579.430000000000,0.170000000000
1470289124,579.420000000000,0.133000000000
1470289246,579.440000000000,1.000000000000
1470289347,579.150000000000,0.490000000000
1470289347,579.780000000000,0.500000000000
1470289362,578.490000000000,0.126000000000
1470289364,577.790000000000,0.161000000000
1470289364,577.810000000000,0.153000000000
1470289364,578.110000000000,0.136000000000
1470289364,578.430000000000,0.125000000000
1470289365,577.410000000000,0.172000000000
1470289365,576.770000000000,0.196000000000
1470289365,577.090000000000,0.168000000000
1470289367,576.090000000000,0.181000000000
1470289367,576.180000000000,0.433900000000
1470289367,576.390000000000,0.172000000000
1470289369,575.870000000000,0.055600000000
1470289369,575.400000000000,0.134000000000
1470289369,575.750000000000,0.192000000000
1470289370,575.300000000000,41.852100000000
1470289371,576.190000000000,0.144000000000
1470289371,576.490000000000,0.218000000000
1470289371,575.300000000000,8.147900000000
1470289373,575.240000000000,0.140000000000
1470289374,575.310000000000,0.174000000000
1470289375,574.870000000000,0.222200000000
1470289375,575.050000000000,0.171000000000
1470289375,574.730000000000,0.084000000000
1470289376,574.070000000000,0.113000000000
1470289376,574.390000000000,0.103000000000
1470289377,573.730000000000,0.127000000000
1470289377,573.870000000000,0.111100000000
1470289378,573.090000000000,0.112000000000
1470289378,573.400000000000,0.172000000000
1470289378,573.340000000000,0.437100000000
1470289379,573.080000000000,0.354000000000
1470289380,573.080000000000,0.154000000000
1470289381,572.870000000000,0.333300000000
1470289381,572.870000000000,0.111100000000
1470289382,572.730000000000,0.068000000000
1470289382,572.790000000000,0.142000000000
1470289383,572.730000000000,0.181000000000
1470289384,572.490000000000,0.149000000000
1470289386,571.850000000000,0.237000000000
1470289387,571.840000000000,0.208000000000
1470289388,571.530000000000,0.239000000000
1470289389,571.210000000000,0.157000000000
1470289389,571.340000000000,0.484000000000
1470289390,570.870000000000,0.222200000000
1470289390,570.880000000000,0.207000000000
1470289391,570.480000000000,0.438200000000
1470289391,570.520000000000,0.241000000000
1470289392,570.460000000000,0.245000000000
1470289398,570.460000000000,0.401000000000
1470289399,570.240000000000,0.166000000000
1470289401,569.920000000000,0.068000000000
1470289401,569.950000000000,0.224300000000
1470289404,569.870000000000,0.333300000000
1470289404,569.610000000000,0.247000000000
1470289404,569.600000000000,38.742600000000
1470289404,569.890000000000,0.251000000000
1470289405,569.550000000000,0.306000000000
1470289405,569.600000000000,11.257400000000
1470289406,569.240000000000,0.301000000000
1470289408,568.870000000000,1.000000000000
1470289408,568.870000000000,0.333300000000
1470289408,568.870000000000,0.294400000000
1470289408,568.930000000000,0.282000000000
1470289409,568.630000000000,5.273000000000
1470289409,568.640000000000,0.208000000000
1470289412,568.310000000000,0.011000000000
1470289416,571.400000000000,0.374800000000
1470289420,573.580000000000,0.292000000000
1470289420,573.850000000000,4.930000000000
1470289420,573.460000000000,0.319000000000
1470289421,573.890000000000,0.379000000000
1470289421,573.890000000000,0.265000000000
1470289422,573.890000000000,0.389000000000
1470289422,574.500000000000,0.267000000000
1470289422,574.820000000000,0.310000000000
1470289422,574.210000000000,0.404000000000
1470289424,575.080000000000,0.202000000000
1470289425,575.140000000000,0.068000000000
1470289426,575.080000000000,0.463000000000
1470289426,575.080000000000,0.009900000000
1470289428,575.080000000000,0.342000000000
1470289429,575.080000000000,0.392000000000
1470289429,574.750000000000,0.320100000000
1470289430,574.750000000000,13.796000000000
1470289430,574.750000000000,0.725000000000
1470289431,574.770000000000,0.387000000000
1470289434,574.770000000000,0.403000000000
1470289435,574.770000000000,0.368000000000
1470289440,574.770000000000,0.356000000000
1470289440,574.770000000000,0.491000000000
1470289443,574.770000000000,0.805000000000
1470289451,574.670000000000,0.093300000000
1470289479,574.680000000000,1.832300000000
1470289480,574.740000000000,0.244000000000
1470289483,574.740000000000,0.002700000000
1470289499,574.740000000000,0.500000000000
1470289499,574.740000000000,0.253300000000
1470289500,574.740000000000,0.115000000000
1470289506,575.040000000000,0.167000000000
1470289506,575.140000000000,0.154000000000
1470289507,575.030000000000,0.679000000000
1470289576,575.210000000000,0.276600000000
1470289579,575.300000000000,50.000000000000
1470289624,576.180000000000,0.433900000000
1470289624,576.410000000000,0.182000000000
1470289625,576.740000000000,0.189000000000
1470289625,577.030000000000,0.127000000000
1470289625,577.390000000000,0.308000000000
1470289626,577.660000000000,0.326000000000
1470289663,577.300000000000,0.012500000000
1470289766,578.360000000000,0.025000000000
1470289822,578.020000000000,0.619900000000
1470289838,577.090000000000,0.114200000000
1470289847,577.270000000000,0.035900000000
1470289900,579.000000000000,0.133000000000
1470289900,578.770000000000,0.170000000000
1470289900,578.760000000000,0.163000000000
1470289900,578.660000000000,0.172000000000
1470289960,579.740000000000,0.170000000000
1470289960,579.600000000000,0.151000000000
1470289960,579.680000000000,0.168000000000
1470290105,581.050000000000,50.000000000000
1470290155,580.950000000000,0.010800000000
1470290235,580.950000000000,0.206000000000
1470290258,580.950000000000,0.276000000000
1470290263,580.950000000000,0.307000000000
1470290346,580.080000000000,0.114000000000
1470290346,580.420000000000,0.117000000000
1470290346,580.780000000000,5.070000000000
1470290346,580.220000000000,0.493700000000
1470290347,579.990000000000,2.940000000000
1470290436,580.090000000000,0.021600000000
1470290574,579.990000000000,7.500000000000
1470290708,579.460000000000,0.221000000000
1470290711,579.460000000000,0.434000000000
1470290808,578.060000000000,0.085000000000
1470290809,577.900000000000,0.112000000000
1470290809,577.710000000000,0.109000000000
1470290809,577.790000000000,0.002500000000
1470290810,577.370000000000,0.083000000000
1470290810,577.000000000000,0.111000000000
1470290810,576.880000000000,0.253200000000
1470290812,576.720000000000,0.142000000000
1470290814,576.720000000000,0.255000000000
1470290994,578.280000000000,0.117000000000
1470291137,578.650000000000,0.108000000000
1470291204,578.270000000000,0.103000000000
1470291206,578.340000000000,0.133000000000
1470291252,577.090000000000,0.133000000000
1470291252,577.430000000000,0.107000000000
1470291256,576.790000000000,0.130000000000
1470291256,576.050000000000,0.113000000000
1470291256,576.450000000000,0.121000000000
1470291256,576.050000000000,0.134000000000
1470291256,575.740000000000,0.130000000000
1470291272,575.370000000000,0.090000000000
1470291272,575.300000000000,39.540100000000
1470291273,575.050000000000,0.145000000000
1470291273,574.690000000000,0.132000000000
1470291273,575.300000000000,10.459900000000
1470291274,574.690000000000,0.187000000000
1470291275,574.690000000000,0.292000000000
1470291277,574.350000000000,0.124000000000
1470291293,575.620000000000,0.195000000000
1470291294,576.000000000000,0.144000000000
1470291294,575.710000000000,0.190000000000
1470291294,576.660000000000,0.172000000000
1470291294,576.290000000000,0.184000000000
1470291294,577.020000000000,0.140000000000
1470291294,576.700000000000,0.462300000000
1470291295,577.670000000000,0.170000000000
1470291295,577.310000000000,0.178000000000
1470291296,577.690000000000,0.040000000000
1470291306,575.770000000000,0.267000000000
1470291372,576.230000000000,4.800000000000
1470291374,576.670000000000,0.235700000000
1470291376,576.820000000000,0.120200000000
1470291382,577.100000000000,0.130000000000
1470291392,577.320000000000,0.158000000000
1470291458,577.420000000000,0.413200000000
1470291459,576.380000000000,0.121000000000
1470291459,576.730000000000,0.105000000000
1470291703,576.390000000000,0.116000000000
1470291706,576.070000000000,0.310000000000
1470291823,576.680000000000,0.162000000000
1470291884,576.520000000000,0.100000000000
1470291970,575.690000000000,0.150000000000
1470292010,575.400000000000,0.279000000000
1470292139,575.670000000000,0.182000000000
1470292139,575.650000000000,0.174000000000
1470292772,575.350000000000,0.010900000000
1470292772,575.030000000000,0.127000000000
1470292776,575.000000000000,0.150000000000
1470292804,574.690000000000,0.127000000000
1470292804,574.850000000000,0.200000000000
1470292804,574.970000000000,0.175000000000
1470292849,574.330000000000,0.173000000000
1470292849,574.010000000000,0.089000000000
1470293438,573.910000000000,0.154000000000
1470293481,573.950000000000,0.167000000000
1470293482,573.620000000000,0.099000000000
1470293483,573.410000000000,0.251000000000
1470293484,573.400000000000,26.483000000000
1470293562,573.800000000000,0.010900000000
1470293562,573.400000000000,24.989100000000
1470293711,574.320000000000,0.171000000000
1470293874,574.580000000000,0.183000000000
1470294004,574.640000000000,0.211000000000
1470294384,575.210000000000,0.189000000000
1470294384,575.560000000000,0.160400000000
1470294516,575.310000000000,0.679000000000
1470294608,574.860000000000,10.000000000000
1470294662,575.550000000000,0.015200000000
1470294842,575.380000000000,0.203000000000
1470294846,575.180000000000,0.068000000000
1470294880,575.160000000000,0.611000000000
1470294884,575.160000000000,0.005400000000
1470295034,575.510000000000,0.543000000000
1470295610,574.870000000000,5.000000000000
1470295610,574.940000000000,8.800000000000
1470295675,574.920000000000,0.175000000000
1470295742,575.790000000000,5.000000000000
1470295904,575.410000000000,0.400000000000
1470295910,575.410000000000,0.356000000000
1470295966,575.720000000000,3.600000000000
1470296044,575.940000000000,0.211000000000
1470296044,575.610000000000,0.256000000000
1470296046,575.970000000000,0.184000000000
1470296071,575.640000000000,0.173000000000
1470296084,575.260000000000,0.180000000000
1470296162,575.600000000000,0.221000000000
1470296170,575.390000000000,0.040000000000
1470296180,575.940000000000,0.171000000000
1470296183,576.260000000000,0.216000000000
1470296184,576.570000000000,0.209000000000
1470296184,576.440000000000,0.263800000000
1470296184,576.870000000000,0.257000000000
1470296184,576.430000000000,0.201000000000
1470296185,577.120000000000,0.210000000000
1470296185,577.440000000000,0.185000000000
1470296185,577.780000000000,5.090000000000
1470296185,577.710000000000,0.118000000000
1470296230,577.910000000000,5.100000000000
1470296231,577.920000000000,0.455600000000
1470296285,577.360000000000,0.198000000000
1470296312,577.660000000000,0.145000000000
1470296317,577.780000000000,12.852200000000
1470296324,576.790000000000,0.232900000000
1470296324,576.330000000000,0.182000000000
1470296336,576.020000000000,0.125000000000
1470296337,575.680000000000,0.183000000000
1470296800,575.770000000000,0.144000000000
1470297058,576.400000000000,0.045500000000
1470297293,576.400000000000,4.250000000000
1470297293,576.090000000000,0.203000000000
1470297294,575.730000000000,0.161000000000
1470297455,575.750000000000,1.464800000000
1470297493,576.650000000000,0.154300000000
1470297681,577.000000000000,0.028400000000
1470297681,577.000000000000,0.194000000000
1470297795,576.650000000000,2.967100000000
1470297851,575.320000000000,0.186000000000
1470297853,575.300000000000,0.068000000000
1470297929,575.290000000000,1.200000000000
1470298114,576.370000000000,0.141000000000
1470298230,576.070000000000,0.002700000000
1470298294,576.360000000000,0.167000000000
1470298457,577.010000000000,0.146000000000
1470298457,577.290000000000,0.154000000000
1470298653,577.040000000000,0.112000000000
1470298680,576.720000000000,0.114000000000
1470298712,576.380000000000,0.128000000000
1470299104,575.500000000000,33.000000000000
1470299190,576.000000000000,9.400000000000
1470299579,576.120000000000,0.127000000000
1470299599,576.100000000000,0.124000000000
1470299923,576.140000000000,0.162000000000
1470299924,576.130000000000,0.500000000000
1470299924,576.130000000000,0.500000000000
1470299924,576.110000000000,0.163000000000
1470299925,575.970000000000,0.172000000000
1470299943,575.740000000000,0.169000000000
1470300017,575.370000000000,0.131000000000
1470300017,575.410000000000,0.203000000000
1470300018,575.270000000000,5.206000000000
1470300018,575.250000000000,8.187700000000
1470300019,575.130000000000,0.198000000000
1470300056,575.130000000000,0.084600000000
1470300390,575.210000000000,0.153000000000
1470300599,575.220000000000,0.169000000000
1470300637,575.830000000000,0.068000000000
1470300672,575.530000000000,0.156000000000
1470300672,575.210000000000,0.184000000000
1470300673,575.570000000000,0.204000000000
1470300686,575.170000000000,0.172000000000
1470300687,575.320000000000,0.351000000000
1470300687,575.310000000000,0.155000000000
1470300748,574.280000000000,0.059200000000
1470300774,572.480000000000,0.166000000000
1470300808,572.990000000000,0.192000000000
1470300808,572.870000000000,15.248200000000
1470300813,572.930000000000,1.159900000000
1470300814,572.840000000000,0.189000000000
1470300814,573.980000000000,10.276200000000
1470300816,572.840000000000,11.436100000000
1470300841,574.010000000000,0.287300000000
1470300841,574.010000000000,5.430800000000
1470301032,573.770000000000,0.219900000000
1470301066,574.170000000000,0.150000000000
1470301087,573.360000000000,0.422000000000
1470301092,573.170000000000,0.345000000000
1470301390,573.650000000000,0.100000000000
1470301473,573.270000000000,0.278000000000
1470301536,573.270000000000,50.000000000000
1470301627,573.190000000000,0.209000000000
1470301667,573.150000000000,0.163000000000
1470301710,573.070000000000,0.144800000000
1470301729,573.160000000000,0.211000000000
1470301817,573.070000000000,0.028900000000
1470301846,573.070000000000,0.443900000000
1470301867,572.570000000000,5.195000000000
1470301867,572.730000000000,0.182000000000
1470301867,572.550000000000,0.074200000000
1470301867,572.580000000000,0.232000000000
1470301868,571.890000000000,0.177000000000
1470301868,571.590000000000,1.460000000000
1470301868,572.310000000000,0.150000000000
1470301868,572.550000000000,3.967400000000
1470301869,571.500000000000,0.125000000000
1470301869,571.090000000000,0.128000000000
1470301870,570.640000000000,0.134000000000
1470301870,570.480000000000,0.438200000000
1470301870,570.870000000000,3.040000000000
1470301874,570.520000000000,0.439000000000
1470301876,570.520000000000,0.300000000000
1470301876,570.520000000000,2.731200000000
1470301878,570.970000000000,3.031200000000
1470301903,571.170000000000,0.031800000000
1470301903,571.170000000000,1.483800000000
1470301904,571.170000000000,1.515600000000
1470301928,571.000000000000,0.757800000000
1470301929,571.000000000000,0.757800000000
1470301954,571.190000000000,0.378900000000
1470301982,571.200000000000,0.284200000000
1470302014,571.190000000000,4.600000000000
1470302030,572.800000000000,0.213100000000
1470302159,572.120000000000,0.159900000000
1470302198,572.120000000000,4.840100000000
1470302285,572.300000000000,4.000000000000
1470302398,572.990000000000,0.584000000000
1470302399,573.020000000000,0.045800000000
1470302402,573.020000000000,0.264200000000
1470302402,573.030000000000,4.000000000000
1470302402,573.090000000000,0.285000000000
1470302646,572.080000000000,0.212000000000
1470302648,572.470000000000,0.160000000000
1470302648,572.330000000000,0.232000000000
1470302654,572.470000000000,0.408000000000
1470302722,573.330000000000,0.300000000000
1470302787,572.790000000000,0.137000000000
1470302787,573.030000000000,0.131000000000
1470302870,573.150000000000,0.185000000000
1470302870,573.000000000000,0.178000000000
1470303053,573.780000000000,10.000000000000
1470303113,574.860000000000,0.030400000000
1470303186,574.860000000000,0.127600000000
1470303265,574.840000000000,0.199000000000
1470303271,575.250000000000,0.169000000000
1470303301,575.660000000000,0.198000000000
1470303464,573.970000000000,0.800000000000
1470303552,575.380000000000,0.180000000000
1470303553,575.410000000000,0.172000000000
1470303676,573.380000000000,0.173000000000
1470303676,573.380000000000,0.173000000000
1470303676,573.380000000000,0.173000000000
1470303677,573.380000000000,0.173000000000
1470303677,573.380000000000,0.173000000000
1470303677,573.340000000000,2.200000000000
1470303677,573.380000000000,0.173000000000
1470303802,572.660000000000,0.700000000000
1470303861,573.180000000000,4.910000000000
1470303916,572.180000000000,0.287000000000
1470303922,572.180000000000,0.335000000000
1470303938,571.880000000000,0.173000000000
1470303938,571.880000000000,0.173000000000
1470303938,571.880000000000,0.173000000000
1470303939,571.880000000000,0.173000000000
1470303947,571.740000000000,0.029100000000
1470304072,572.500000000000,0.100000000000
1470304134,572.440000000000,0.208000000000
1470304134,572.220000000000,0.205000000000
1470304195,571.540000000000,5.010000000000
1470304195,572.330000000000,0.253300000000
1470304196,571.530000000000,0.158000000000
1470304199,571.140000000000,0.700000000000
1470304288,571.180000000000,0.119900000000
1470304292,570.690000000000,0.197000000000
1470304292,570.480000000000,0.179000000000
1470304292,570.770000000000,0.164000000000
1470304292,570.770000000000,0.044300000000
1470304292,570.520000000000,0.041700000000
1470304293,570.480000000000,0.174000000000
1470304294,570.480000000000,1.000000000000
1470304297,570.380000000000,0.045600000000
1470304308,569.630000000000,1.000000000000
1470304315,570.300000000000,0.089800000000
1470304316,570.300000000000,0.045000000000
1470304317,570.300000000000,0.045000000000
1470304320,570.300000000000,1.000000000000
1470304333,570.290000000000,0.670000000000
1470304341,570.290000000000,0.022500000000
1470304342,570.290000000000,0.022500000000
1470304344,570.290000000000,0.350000000000
1470304361,570.290000000000,3.135000000000
1470304362,571.270000000000,5.120000000000
1470304362,571.620000000000,0.178000000000
1470304362,571.700000000000,0.182000000000
1470304362,571.180000000000,0.154000000000
1470304362,571.260000000000,0.462600000000
1470304365,571.660000000000,0.396000000000
1470304389,572.460000000000,0.011200000000
1470304481,571.020000000000,4.900000000000
1470304481,571.300000000000,2.600000000000
1470304482,570.460000000000,2.990000000000
1470304580,570.780000000000,0.154000000000
1470304627,570.740000000000,0.140000000000
1470304627,571.140000000000,0.180000000000
1470304627,571.620000000000,0.154000000000
1470304627,571.210000000000,0.186000000000
1470304630,571.690000000000,0.367000000000
1470304632,572.010000000000,0.061100000000
1470304661,570.660000000000,0.241000000000
1470304664,570.420000000000,0.135000000000
1470304667,569.990000000000,0.167000000000
1470304667,569.990000000000,0.311000000000
1470304689,569.950000000000,0.164000000000
1470304689,570.410000000000,0.135000000000
1470304691,569.840000000000,0.363000000000
1470304692,569.840000000000,0.356300000000
1470304701,569.840000000000,0.034100000000
1470304713,570.920000000000,0.410500000000
1470304713,571.000000000000,0.154000000000
1470304716,570.250000000000,0.383100000000
1470305012,571.450000000000,4.800000000000
1470305012,572.230000000000,4.910000000000
1470305083,571.260000000000,0.195200000000
1470305083,571.380000000000,5.050000000000
1470305083,572.260000000000,4.400000000000
1470305170,572.180000000000,0.231900000000
1470305170,571.520000000000,0.327700000000
1470305338,572.510000000000,0.173000000000
1470305338,572.510000000000,0.173000000000
1470305338,572.510000000000,0.173000000000
1470305338,572.510000000000,0.173000000000
1470305338,572.510000000000,0.173000000000
1470305338,572.510000000000,0.173000000000
1470305375,571.930000000000,2.600000000000
1470305647,572.910000000000,0.173000000000
1470305647,572.910000000000,0.173000000000
1470305648,572.080000000000,0.173000000000
1470305648,572.480000000000,0.145000000000
1470305648,572.910000000000,0.173000000000
1470305648,572.910000000000,0.173000000000
1470305648,572.910000000000,0.173000000000
1470305648,572.910000000000,0.173000000000
1470305664,571.660000000000,0.188000000000
1470305665,571.290000000000,0.203000000000
1470305666,571.180000000000,0.176000000000
1470305666,570.990000000000,0.178000000000
1470305668,570.990000000000,0.363000000000
1470305671,570.850000000000,0.217000000000
1470305730,571.640000000000,0.218500000000
1470305730,570.560000000000,0.100000000000
1470305730,571.900000000000,4.910000000000
1470305730,572.160000000000,0.243000000000
1470305750,572.170000000000,0.337000000000
1470305763,572.180000000000,0.201000000000
1470305765,572.170000000000,4.563000000000
1470305816,570.670000000000,0.218000000000
1470305817,570.350000000000,0.192000000000
1470305869,569.900000000000,0.240000000000
1470305869,570.290000000000,0.207000000000
1470305988,570.280000000000,0.174000000000
1470305988,570.280000000000,0.174000000000
1470305988,570.280000000000,0.174000000000
1470305989,570.280000000000,0.174000000000
1470305989,570.280000000000,0.174000000000
1470306077,569.740000000000,0.373000000000
1470306154,570.670000000000,0.061100000000
1470306240,571.500000000000,0.108400000000
1470306371,571.760000000000,0.174000000000
1470306371,571.760000000000,0.174000000000
1470306451,571.010000000000,0.015300000000
1470306660,572.260000000000,0.177000000000
1470306907,572.600000000000,0.228000000000
1470306907,572.790000000000,5.010000000000
1470306907,573.360000000000,0.268000000000
1470306907,573.010000000000,0.266000000000
1470306908,573.760000000000,0.168000000000
1470306909,573.760000000000,0.354000000000
1470306973,573.500000000000,5.000000000000
1470306973,572.840000000000,5.110000000000
1470306980,572.600000000000,0.245000000000
1470306994,572.550000000000,0.117000000000
1470306994,572.180000000000,0.155000000000
1470306996,572.070000000000,0.346000000000
1470307100,572.550000000000,0.500000000000
1470307100,572.550000000000,0.450000000000
1470307291,573.230000000000,0.208000000000
1470307300,573.230000000000,0.202000000000
1470307312,573.200000000000,0.211000000000
1470307327,572.970000000000,0.352000000000
1470307338,572.970000000000,0.440000000000
1470307351,572.970000000000,0.418000000000
1470307397,572.980000000000,0.505000000000
1470307426,572.980000000000,0.467000000000
1470307466,572.920000000000,0.380000000000
1470307467,572.910000000000,0.174000000000
1470307467,572.910000000000,0.174000000000
1470307467,572.910000000000,0.174000000000
1470307467,572.910000000000,0.174000000000
1470307467,572.910000000000,0.173000000000
1470307467,572.910000000000,0.174000000000
1470307468,572.900000000000,0.269000000000
1470307601,572.660000000000,4.100000000000
1470308289,572.980000000000,0.357300000000
1470308339,572.980000000000,3.459700000000
1470308936,573.600000000000,0.025800000000
1470309032,573.280000000000,0.237000000000
1470309112,573.470000000000,0.174000000000
1470309112,573.470000000000,0.174000000000
1470309112,573.470000000000,0.141000000000
1470309112,573.470000000000,0.174000000000
1470309151,573.470000000000,0.033000000000
1470309151,573.470000000000,0.174000000000
1470309152,573.470000000000,0.174000000000
1470309233,572.190000000000,4.000000000000
1470309338,572.430000000000,0.175000000000
1470309338,572.430000000000,0.174000000000
1470309338,572.430000000000,0.175000000000
1470309338,572.430000000000,0.175000000000
1470309338,572.430000000000,0.175000000000
1470309338,572.430000000000,0.175000000000
1470309363,572.010000000000,2.000000000000
1470309526,572.360000000000,0.025800000000
1470309763,573.160000000000,0.276000000000
1470309837,573.200000000000,12.882000000000
1470309925,574.160000000000,0.547100000000
1470310323,575.130000000000,0.071300000000
1470310430,574.560000000000,0.175000000000
1470310430,574.560000000000,0.175000000000
1470310430,574.560000000000,0.175000000000
1470310430,574.560000000000,0.174000000000
1470310430,574.560000000000,0.175000000000
1470310431,574.560000000000,0.175000000000
1470310575,574.340000000000,0.300000000000
1470310605,574.160000000000,0.332000000000
1470310605,574.160000000000,0.176000000000
1470310606,574.160000000000,0.176000000000
1470310606,574.160000000000,0.175000000000
1470310606,574.160000000000,0.176000000000
1470310606,574.130000000000,0.301000000000
1470310606,574.160000000000,0.176000000000
1470310606,574.160000000000,0.176000000000
1470310722,575.230000000000,0.181800000000
1470310760,574.620000000000,0.177000000000
1470310760,574.620000000000,0.177000000000
1470310760,574.620000000000,7.200000000000
1470310761,574.620000000000,0.177000000000
1470310761,574.620000000000,0.177000000000
1470310761,574.620000000000,0.177000000000
1470310761,573.920000000000,5.070000000000
1470310761,573.840000000000,0.222000000000
1470310761,574.620000000000,0.177000000000
1470310848,573.850000000000,0.321000000000
1470310853,573.680000000000,0.510000000000
1470310886,573.670000000000,5.000000000000
1470310942,574.490000000000,0.347000000000
1470310942,574.500000000000,0.349000000000
1470310943,574.480000000000,0.179000000000
1470310943,573.550000000000,0.325000000000
1470310943,573.860000000000,0.297000000000
1470310943,574.480000000000,0.178000000000
1470310943,574.480000000000,0.179000000000
1470310943,574.150000000000,0.256000000000
1470310944,573.540000000000,0.479100000000
1470310944,573.230000000000,0.178000000000
1470310944,573.240000000000,0.249000000000
1470310946,573.230000000000,0.618000000000
1470310946,573.230000000000,0.178000000000
1470311060,573.890000000000,0.027300000000
1470311091,573.600000000000,0.315000000000
1470311092,573.780000000000,0.607000000000
1470311092,573.770000000000,0.478000000000
1470311163,573.580000000000,0.405000000000
1470311163,573.770000000000,0.401000000000
1470311204,574.230000000000,0.377000000000
1470311208,574.610000000000,0.010600000000
1470311337,574.390000000000,0.180000000000
1470311337,574.390000000000,0.180000000000
1470311337,574.390000000000,0.180000000000
1470311338,574.390000000000,0.110000000000
1470311378,574.390000000000,0.070000000000
1470311379,574.390000000000,0.180000000000
1470311380,574.390000000000,0.178000000000
1470311417,574.270000000000,0.253000000000
1470311422,574.530000000000,0.530000000000
1470311454,574.530000000000,0.496000000000
1470311466,574.530000000000,0.181000000000
1470311467,574.530000000000,0.181000000000
1470311467,574.530000000000,0.116000000000
1470311474,574.530000000000,0.065000000000
1470311474,574.530000000000,0.181000000000
1470311475,574.530000000000,0.180000000000
1470311478,574.530000000000,0.181000000000
1470311479,574.270000000000,0.205000000000
1470311665,573.720000000000,0.183000000000
1470311665,573.720000000000,0.183000000000
1470311666,573.720000000000,0.182000000000
1470311666,573.720000000000,0.183000000000
1470311666,573.720000000000,0.183000000000
1470311666,573.720000000000,0.181000000000
1470311668,573.340000000000,0.121300000000
1470311691,572.780000000000,2.000000000000
1470311708,572.790000000000,0.068000000000
1470311729,573.640000000000,0.346200000000
1470311729,573.480000000000,5.120000000000
1470311756,572.650000000000,0.300000000000
1470311761,573.050000000000,0.192000000000
1470311762,573.020000000000,2.840000000000
1470311836,572.780000000000,0.300000000000
1470312082,574.880000000000,0.300000000000
1470312153,574.880000000000,4.000000000000
1470312222,575.160000000000,0.184000000000
1470312223,575.160000000000,0.182000000000
1470312223,575.160000000000,0.184000000000
1470312223,575.160000000000,0.184000000000
1470312223,575.160000000000,0.184000000000
1470312223,575.160000000000,0.184000000000
1470312238,574.910000000000,0.144000000000
1470312238,574.900000000000,0.256000000000
1470312661,576.030000000000,0.100000000000
1470312721,576.180000000000,0.433900000000
1470312723,577.020000000000,0.218000000000
1470312723,576.950000000000,4.910000000000
1470312723,576.660000000000,0.229000000000
1470312724,577.260000000000,0.229000000000
1470312730,576.220000000000,0.412100000000
1470312731,576.060000000000,0.185000000000
1470312731,576.060000000000,0.185000000000
1470312732,576.060000000000,0.185000000000
1470312732,576.060000000000,0.158300000000
1470312732,576.060000000000,0.185000000000
1470312733,576.060000000000,0.185000000000
1470312733,576.060000000000,0.183000000000
1470312780,577.090000000000,0.185000000000
1470312780,577.090000000000,0.186000000000
1470312780,577.090000000000,0.186000000000
1470312780,577.090000000000,0.187000000000
1470312783,576.580000000000,0.187000000000
1470312817,577.010000000000,4.900000000000
1470312817,577.000000000000,0.188000000000
1470312817,577.000000000000,0.186000000000
1470312817,577.000000000000,0.189000000000
1470312833,577.060000000000,0.214000000000
1470312834,577.120000000000,5.040000000000
1470312843,577.120000000000,0.187000000000
1470312843,577.120000000000,0.188000000000
1470312843,577.120000000000,0.189000000000
1470312865,577.240000000000,0.020000000000
1470312881,576.760000000000,0.190000000000
1470312889,576.380000000000,0.188000000000
1470312890,576.380000000000,0.190000000000
1470312890,576.380000000000,0.188000000000
1470312891,576.380000000000,0.190000000000
1470312904,576.020000000000,0.183000000000
1470312905,576.020000000000,5.000000000000
1470312905,576.010000000000,0.152000000000
1470312905,576.010000000000,0.191000000000
1470312955,576.270000000000,4.950000000000
1470312956,576.520000000000,0.456100000000
1470312958,576.710000000000,0.232600000000
1470312965,577.120000000000,0.223000000000
1470312965,577.480000000000,0.192000000000
1470312965,577.450000000000,0.165000000000
1470313006,578.500000000000,0.275000000000
1470313012,578.510000000000,5.000000000000
1470313015,577.490000000000,0.165000000000
1470313015,577.490000000000,0.165000000000
1470313015,577.490000000000,0.165000000000
1470313016,577.490000000000,0.166000000000
1470313016,577.310000000000,0.153000000000
1470313017,577.160000000000,0.469400000000
1470313021,577.290000000000,0.142000000000
1470313021,577.160000000000,0.191000000000
1470313022,577.290000000000,0.189000000000
1470313022,577.290000000000,0.191000000000
1470313023,577.290000000000,0.189000000000
1470313023,577.290000000000,0.191000000000
1470313023,577.290000000000,0.191000000000
1470313024,577.290000000000,0.166000000000
1470313047,576.970000000000,0.206000000000
1470313048,576.670000000000,0.212000000000
1470313048,576.660000000000,0.190000000000
1470313050,576.370000000000,0.423000000000
1470313051,576.300000000000,0.196000000000
1470313054,575.970000000000,0.149000000000
1470313055,575.920000000000,0.393000000000
1470313058,576.370000000000,0.165000000000
1470313058,575.920000000000,0.166000000000
1470313059,577.020000000000,0.348600000000
1470313059,577.020000000000,0.165000000000
1470313060,577.020000000000,0.166000000000
1470313060,577.020000000000,0.165000000000
1470313061,577.020000000000,0.222000000000
1470313110,576.650000000000,0.205000000000
1470313110,576.290000000000,0.182000000000
1470313118,577.050000000000,0.034600000000
1470313119,577.050000000000,0.088900000000
1470313133,577.420000000000,0.272000000000
1470313133,577.220000000000,0.244000000000
1470313137,576.900000000000,0.194000000000
1470313137,576.900000000000,0.194000000000
1470313137,576.900000000000,0.194000000000
1470313137,576.900000000000,0.192000000000
1470313138,576.900000000000,0.192000000000
1470313190,576.960000000000,0.301400000000
1470313192,577.780000000000,5.090000000000
1470313193,577.900000000000,0.249000000000
1470313218,577.130000000000,0.194000000000
1470313220,577.130000000000,0.193000000000
1470313224,577.130000000000,0.195000000000
1470313264,578.170000000000,0.207000000000
1470313276,578.480000000000,0.195000000000
1470313276,578.480000000000,0.195000000000
1470313276,578.480000000000,0.193000000000
1470313276,578.480000000000,0.195000000000
1470313278,577.750000000000,4.900000000000
1470313320,577.020000000000,0.196000000000
1470313321,577.020000000000,0.197000000000
1470313321,577.020000000000,0.197000000000
1470313322,577.020000000000,0.197000000000
1470313322,577.020000000000,0.195000000000
1470313322,577.020000000000,0.197000000000
1470313325,578.870000000000,0.188000000000
1470313325,578.530000000000,0.184000000000
1470313367,579.660000000000,0.271000000000
1470313367,579.210000000000,0.232000000000
1470313368,579.670000000000,0.192500000000
1470313368,579.670000000000,0.273500000000
1470313368,579.730000000000,2.888700000000
1470313369,579.670000000000,0.199500000000
1470313370,579.660000000000,0.192800000000
1470313405,579.890000000000,0.019600000000
1470313417,579.170000000000,0.164000000000
1470313417,579.130000000000,0.177000000000
1470313417,579.110000000000,0.198000000000
1470313417,579.130000000000,0.241400000000
1470313418,579.110000000000,0.199000000000
1470313418,578.830000000000,0.199000000000
1470313418,578.840000000000,0.124000000000
1470313418,579.110000000000,0.199000000000
1470313419,578.830000000000,0.197000000000
1470313420,578.830000000000,0.197000000000
1470313422,579.990000000000,0.190000000000
1470313424,579.950000000000,0.296100000000
1470313429,579.960000000000,2.700000000000
1470313432,578.880000000000,0.435900000000
1470313434,578.880000000000,0.222300000000
1470313436,578.880000000000,0.113400000000
1470313483,579.830000000000,12.759000000000
1470313483,579.990000000000,1.795100000000
1470313484,579.710000000000,0.653800000000
1470313484,579.710000000000,1.720600000000
1470313486,579.810000000000,0.883600000000
1470313486,579.830000000000,3.188200000000
1470313491,579.810000000000,0.031600000000
1470313516,579.210000000000,0.100000000000
1470313517,579.210000000000,0.199000000000
1470313517,579.210000000000,0.201000000000
1470313517,579.210000000000,0.200000000000
1470313517,579.210000000000,0.201000000000
1470313518,579.210000000000,0.201000000000
1470313518,579.210000000000,0.201000000000
1470313527,578.850000000000,0.185000000000
1470313560,578.640000000000,0.750000000000
1470313623,578.520000000000,0.203000000000
1470313662,578.450000000000,3.100000000000
1470313662,579.360000000000,0.529100000000
1470313668,579.240000000000,11.894000000000
1470313692,579.550000000000,5.070000000000
1470313700,578.670000000000,0.202000000000
1470313701,578.670000000000,0.203000000000
1470313702,578.670000000000,0.203000000000
1470313702,578.670000000000,0.201000000000
1470313736,579.370000000000,0.205000000000
1470313736,579.380000000000,11.647000000000
1470313754,579.800000000000,0.197000000000
1470313754,579.460000000000,0.131000000000
1470313772,579.980000000000,0.269800000000
1470313772,579.990000000000,28.014900000000
1470313772,580.150000000000,0.159000000000
1470313774,579.150000000000,0.449500000000
1470313783,578.860000000000,0.114000000000
1470313783,578.870000000000,14.475000000000
1470313866,578.610000000000,0.204000000000
1470313866,578.610000000000,0.205000000000
1470313866,578.630000000000,0.100000000000
1470313866,578.620000000000,5.112000000000
1470313867,578.410000000000,0.201000000000
1470313867,578.510000000000,0.129000000000
1470313872,578.410000000000,0.205000000000
1470313873,578.410000000000,0.207000000000
1470313873,578.410000000000,0.204000000000
1470313925,579.810000000000,0.116000000000
1470313935,579.880000000000,5.010000000000
1470313935,580.070000000000,5.108000000000
1470313995,578.890000000000,0.190000000000
1470314004,579.940000000000,0.357900000000
1470314010,579.730000000000,2.940000000000
1470314010,580.230000000000,5.112000000000
1470314015,580.530000000000,0.148000000000
1470314015,580.840000000000,0.173000000000
1470314019,580.260000000000,0.240500000000
1470314022,579.920000000000,0.404300000000
1470314080,579.530000000000,0.143000000000
1470314151,580.060000000000,7.500000000000
1470314189,579.930000000000,0.164000000000
1470314189,579.930000000000,0.164000000000
1470314189,579.960000000000,5.030000000000
1470314189,579.770000000000,2.950000000000
1470314196,579.960000000000,0.208000000000
1470314196,579.960000000000,0.206000000000
1470314199,579.480000000000,0.204000000000
1470314199,579.480000000000,0.205000000000
1470314200,579.480000000000,0.202000000000
1470314241,579.200000000000,0.164000000000
1470314242,579.200000000000,0.164000000000
1470314291,578.860000000000,0.114000000000
1470314291,578.540000000000,0.184000000000
1470314359,579.270000000000,6.700000000000
1470314420,579.570000000000,0.204000000000
1470314420,579.570000000000,0.206000000000
1470314420,579.570000000000,0.207000000000
1470314421,579.490000000000,0.200000000000
1470314421,579.570000000000,0.208000000000
1470314421,579.570000000000,0.206000000000
1470314481,578.780000000000,0.157000000000
1470314484,579.100000000000,0.171000000000
1470314484,579.150000000000,0.165000000000
1470314485,579.410000000000,0.146000000000
1470314485,579.420000000000,0.143000000000
1470314501,579.640000000000,0.205000000000
1470314501,579.640000000000,0.209000000000
1470314501,579.640000000000,0.208000000000
1470314501,579.640000000000,0.209000000000
1470314502,579.640000000000,0.211000000000
1470314502,578.920000000000,0.123000000000
1470314517,578.630000000000,0.149000000000
1470314517,578.300000000000,0.132000000000
1470314520,578.270000000000,0.260000000000
1470314561,579.410000000000,0.021000000000
1470314612,579.040000000000,0.207000000000
1470314612,579.040000000000,0.213000000000
1470314614,578.510000000000,0.210000000000
1470314614,578.510000000000,0.206000000000
1470314615,578.510000000000,0.209000000000
1470314615,578.510000000000,0.210000000000
1470315094,579.500000000000,0.208000000000
1470315094,579.500000000000,0.211000000000
1470315095,579.500000000000,0.212000000000
1470315095,579.500000000000,0.208000000000
1470315095,579.500000000000,0.212000000000
1470315095,579.500000000000,0.214000000000
1470315336,579.470000000000,0.169000000000
1470315337,579.470000000000,0.214000000000
1470315337,579.470000000000,0.213000000000
1470315337,579.470000000000,0.216000000000
1470315337,579.470000000000,0.210000000000
1470315337,579.430000000000,3.000000000000
1470315337,579.470000000000,0.212000000000
1470315379,579.000000000000,3.000000000000
1470315395,579.510000000000,0.211000000000
1470315395,579.510000000000,0.215000000000
1470315395,579.510000000000,0.214000000000
1470315396,579.510000000000,0.215000000000
1470315396,579.510000000000,0.217000000000
1470315397,579.160000000000,3.200000000000
1470315483,579.080000000000,0.010500000000
1470315486,579.700000000000,0.162000000000
1470315486,579.670000000000,4.920000000000
1470315486,579.420000000000,0.169000000000
1470315504,578.940000000000,0.380600000000
1470315532,579.570000000000,0.090000000000
1470315565,579.600000000000,2.400000000000
1470315633,579.460000000000,0.097700000000
1470315722,579.210000000000,0.135000000000
1470315723,579.120000000000,0.019500000000
1470315726,579.120000000000,0.217000000000
1470315726,579.120000000000,0.213000000000
1470315770,580.620000000000,0.146000000000
1470315771,580.630000000000,0.021500000000
1470315794,580.630000000000,0.083800000000
1470315813,580.630000000000,0.030100000000
1470315861,580.460000000000,0.151000000000
1470315936,580.460000000000,0.216000000000
1470315936,580.460000000000,0.218000000000
1470315936,580.460000000000,0.214000000000
1470315936,580.460000000000,0.211000000000
1470315937,580.460000000000,0.218000000000
1470315937,580.460000000000,0.215000000000
1470315937,580.170000000000,0.108000000000
1470315954,581.050000000000,49.102900000000
1470315954,581.050000000000,0.897100000000
1470315954,581.040000000000,0.141000000000
1470315955,581.390000000000,0.160000000000
1470315955,581.330000000000,0.104000000000
1470315956,581.390000000000,5.030000000000
1470315960,581.610000000000,0.130000000000
1470315971,580.630000000000,0.108100000000
1470315983,580.470000000000,0.104000000000
1470315984,580.160000000000,0.145000000000
1470315984,579.880000000000,0.122000000000
1470315984,579.980000000000,5.000000000000
1470316048,580.170000000000,0.150000000000
1470316048,579.850000000000,0.128000000000
1470316049,579.750000000000,0.190000000000
1470316049,579.790000000000,0.154000000000
1470316050,579.750000000000,0.158000000000
1470316053,579.750000000000,0.051100000000
1470316053,579.750000000000,0.252000000000
1470316148,579.800000000000,0.700000000000
1470316200,579.850000000000,0.153000000000
1470316200,580.190000000000,0.148000000000
1470316274,579.820000000000,0.300000000000
1470316452,580.190000000000,0.186000000000
1470316452,580.480000000000,0.158000000000
1470316453,580.810000000000,0.016500000000
1470316509,579.760000000000,0.163000000000
1470316510,579.760000000000,0.163000000000
1470316510,579.760000000000,0.163000000000
1470316510,579.760000000000,0.165000000000
1470316510,579.760000000000,0.165000000000
1470316510,579.760000000000,0.163000000000
1470316586,579.250000000000,0.163000000000
1470316586,579.250000000000,0.163000000000
1470316586,579.250000000000,0.163000000000
1470316586,579.250000000000,0.163000000000
1470316586,579.250000000000,0.165000000000
1470316586,579.250000000000,0.165000000000
1470316604,578.990000000000,0.004500000000
1470316655,578.200000000000,0.360000000000
1470316666,578.910000000000,0.138000000000
1470316666,578.650000000000,0.123000000000
1470316666,578.890000000000,0.157000000000
1470316667,578.940000000000,0.285000000000
1470316671,579.180000000000,0.263000000000
1470316773,578.840000000000,0.215000000000
1470316773,578.820000000000,0.108000000000
1470316773,578.840000000000,0.135000000000
1470316774,578.740000000000,0.216000000000
1470316776,578.740000000000,0.217000000000
1470316776,578.740000000000,0.220000000000
1470316776,578.740000000000,0.219000000000
1470316777,578.740000000000,0.151000000000
1470316777,578.740000000000,0.212000000000
1470316783,580.000000000000,3.399900000000
1470316794,579.310000000000,4.990000000000
1470316794,579.050000000000,0.441600000000
1470316795,580.060000000000,0.160000000000
1470316819,579.170000000000,0.061700000000
1470316834,579.130000000000,0.225200000000
1470316844,579.820000000000,5.030000000000
1470316844,579.120000000000,2.400000000000
1470316891,579.460000000000,0.524200000000
1470317102,578.860000000000,0.141000000000
1470317102,578.860000000000,0.218000000000
1470317102,578.860000000000,0.213000000000
1470317102,578.860000000000,0.219000000000
1470317103,578.860000000000,0.221000000000
1470317103,578.860000000000,0.216000000000
1470317103,578.840000000000,0.103000000000
1470317103,578.860000000000,0.221000000000
1470317103,578.850000000000,5.000000000000
1470317157,579.180000000000,0.079600000000
1470317201,579.820000000000,4.180000000000
1470317202,579.980000000000,0.117000000000
1470317204,579.980000000000,0.472100000000
1470317205,579.980000000000,0.090600000000
1470317416,578.900000000000,5.000000000000
1470317435,580.340000000000,0.022500000000
1470317474,579.890000000000,5.000000000000
1470317508,579.670000000000,4.000000000000
1470317629,579.200000000000,0.120000000000
1470317640,579.200000000000,0.120000000000
1470317661,579.200000000000,3.760000000000
1470317708,578.960000000000,3.800000000000
1470317727,578.780000000000,0.115000000000
1470317727,579.140000000000,0.137000000000
1470317764,578.690000000000,2.885500000000
1470317826,578.830000000000,6.000000000000
1470317882,579.380000000000,0.568600000000
1470318004,579.060000000000,0.621000000000
1470318024,579.060000000000,0.186900000000
1470318024,579.810000000000,0.210400000000
1470318028,579.060000000000,0.214000000000
1470318028,579.060000000000,0.219000000000
1470318028,579.070000000000,0.390600000000
1470318029,579.060000000000,0.217000000000
1470318029,579.060000000000,0.222000000000
1470318029,579.060000000000,0.163000000000
1470318029,579.060000000000,0.163000000000
1470318029,579.060000000000,0.164000000000
1470318029,579.060000000000,0.222000000000
1470318030,578.420000000000,0.137000000000
1470318030,579.060000000000,0.163000000000
1470318030,578.770000000000,0.152000000000
1470318030,579.060000000000,0.163000000000
1470318030,579.060000000000,0.164000000000
1470318031,578.280000000000,5.070000000000
1470318033,578.340000000000,5.286400000000
1470318034,578.280000000000,0.264000000000
1470318035,578.170000000000,0.204000000000
1470318038,578.340000000000,0.164000000000
1470318038,578.340000000000,0.163000000000
1470318038,578.880000000000,0.163000000000
1470318038,578.340000000000,0.164000000000
1470318042,578.880000000000,0.163000000000
1470318043,578.880000000000,0.163000000000
1470318174,579.340000000000,0.175000000000
1470318175,579.640000000000,0.020200000000
1470318205,579.370000000000,0.120000000000
1470318217,579.330000000000,0.216000000000
1470318218,578.590000000000,0.220000000000
1470318218,578.590000000000,0.223000000000
1470318219,578.510000000000,69.950800000000
1470318219,578.520000000000,0.199400000000
1470318220,579.510000000000,0.109000000000
1470318220,579.510000000000,0.110000000000
1470318221,578.560000000000,0.224000000000
1470318299,579.530000000000,1.400000000000
1470318415,578.510000000000,36.494300000000
1470318415,578.510000000000,30.049200000000
1470318418,578.640000000000,0.300000000000
1470318422,578.510000000000,63.505700000000
1470318452,578.570000000000,5.100000000000
1470318452,578.560000000000,0.299900000000
1470318496,578.570000000000,0.226000000000
1470318496,578.570000000000,1.600100000000
1470318497,578.570000000000,0.218000000000
1470318497,578.570000000000,0.221000000000
1470318498,578.570000000000,0.223000000000
1470318498,578.570000000000,0.227000000000
1470318551,579.160000000000,0.400000000000
1470318657,578.530000000000,0.229000000000
1470318657,578.530000000000,0.226000000000
1470318657,578.530000000000,0.224000000000
1470318657,578.530000000000,0.229000000000
1470318657,578.530000000000,0.221000000000
1470318658,577.990000000000,0.161000000000
1470318679,577.980000000000,0.840000000000
1470318855,578.790000000000,0.121000000000
1470318880,578.910000000000,0.231000000000
1470318880,578.910000000000,0.226000000000
1470318880,578.910000000000,0.228000000000
1470318880,578.910000000000,0.223000000000
1470318954,578.410000000000,0.033100000000
1470318981,578.810000000000,0.144000000000
1470318981,578.650000000000,0.132000000000
1470319041,579.030000000000,0.227000000000
1470319041,579.030000000000,0.230000000000
1470319041,579.030000000000,0.229000000000
1470319042,579.030000000000,0.232000000000
1470319042,579.030000000000,0.224000000000
1470319107,578.990000000000,0.338500000000
1470319337,579.560000000000,0.351500000000
1470319444,579.780000000000,0.031500000000
1470319457,579.780000000000,0.157500000000
1470319509,579.780000000000,0.525000000000
1470319536,579.780000000000,0.052500000000
1470319545,579.780000000000,0.018100000000
1470319627,579.840000000000,0.234000000000
1470319628,579.220000000000,0.106000000000
1470319628,579.840000000000,0.232000000000
1470319628,579.530000000000,0.104000000000
1470319628,579.810000000000,0.047200000000
1470319628,579.840000000000,0.226000000000
1470319628,579.840000000000,0.231000000000
1470319631,578.890000000000,0.100000000000
1470319631,578.600000000000,0.111000000000
1470319634,578.490000000000,0.312000000000
1470319718,578.960000000000,0.021000000000
1470319758,578.890000000000,0.018000000000
1470319790,578.920000000000,0.154000000000
1470319794,578.150000000000,0.187100000000
1470319798,578.510000000000,6.900000000000
1470319849,579.810000000000,0.151000000000
1470319850,579.820000000000,0.152800000000
1470320012,578.930000000000,0.960000000000
1470320012,579.020000000000,0.513300000000
1470320012,579.020000000000,0.023000000000
1470320057,578.800000000000,5.000000000000
1470320198,579.570000000000,0.036100000000
1470320285,579.560000000000,0.120300000000
1470320443,579.570000000000,0.225600000000
1470320493,578.900000000000,0.509600000000
1470320493,579.380000000000,0.229000000000
1470320579,578.400000000000,0.227000000000
1470320579,578.400000000000,0.232000000000
1470320619,577.850000000000,8.800000000000
1470320738,578.410000000000,0.125000000000
1470320738,578.420000000000,0.235000000000
1470320738,578.420000000000,0.234000000000
1470320738,578.420000000000,0.229000000000
1470320738,578.420000000000,0.233000000000
1470320738,578.420000000000,0.230000000000
1470320739,578.030000000000,0.186000000000
1470320762,577.690000000000,0.134000000000
1470320835,577.790000000000,0.235000000000
1470320908,577.790000000000,0.037700000000
1470320996,577.790000000000,0.455000000000
1470321086,578.110000000000,0.079900000000
1470321134,577.690000000000,0.237000000000
1470321135,577.690000000000,0.232000000000
1470321135,577.690000000000,0.236000000000
1470321135,577.690000000000,0.237000000000
1470321135,577.690000000000,0.231000000000
1470321238,578.400000000000,0.031600000000
1470321243,577.980000000000,0.235000000000
1470321243,577.980000000000,0.233000000000
1470321243,577.980000000000,0.239000000000
1470321243,577.980000000000,0.238000000000
1470321250,577.520000000000,0.119300000000
1470321425,576.670000000000,0.186000000000
1470321425,576.570000000000,0.179000000000
1470321452,576.060000000000,0.120000000000
1470321452,576.400000000000,0.146000000000
1470321622,577.070000000000,0.304000000000
1470321677,576.860000000000,0.189000000000
1470321704,577.180000000000,0.052800000000
1470321752,577.090000000000,0.235000000000
1470321752,577.090000000000,0.242000000000
1470321752,577.090000000000,0.237000000000
1470321752,577.090000000000,0.240000000000
1470321752,577.090000000000,0.240000000000
1470321753,577.090000000000,0.220000000000
1470321793,577.130000000000,0.301900000000
1470321843,575.790000000000,0.471200000000
1470321898,575.350000000000,2.600000000000
1470322140,575.610000000000,0.187000000000
1470322200,576.220000000000,0.192000000000
1470322200,575.930000000000,0.125000000000
1470322201,576.550000000000,0.186000000000
1470322201,576.770000000000,0.182000000000
1470322201,576.780000000000,0.910600000000
1470322417,576.270000000000,0.021200000000
1470322504,576.280000000000,0.151200000000
1470322651,575.900000000000,0.242000000000
1470322652,575.900000000000,0.244000000000
1470322652,575.900000000000,0.243000000000
1470322663,575.670000000000,0.155000000000
1470322663,575.840000000000,0.316000000000
1470322668,575.660000000000,0.237000000000
1470322676,575.660000000000,0.068000000000
1470322696,575.660000000000,0.068000000000
1470322718,576.060000000000,0.222000000000
1470322718,576.060000000000,0.246000000000
1470322718,576.060000000000,0.245000000000
1470322719,576.060000000000,0.151200000000
1470322741,575.990000000000,0.146000000000
1470322773,575.750000000000,0.343000000000
1470322888,576.250000000000,0.239000000000
1470322888,576.250000000000,0.239000000000
1470322888,576.250000000000,0.244000000000
1470322912,576.270000000000,0.164000000000
1470322912,575.890000000000,6.000000000000
1470323083,576.140000000000,0.223000000000
1470323084,576.140000000000,0.248000000000
1470323084,576.140000000000,0.247000000000
1470323084,576.140000000000,0.246000000000
1470323084,576.140000000000,0.240000000000
1470323084,576.140000000000,0.241000000000
1470323090,576.850000000000,0.170000000000
1470323090,577.030000000000,0.154000000000
1470323090,577.040000000000,0.522100000000
1470323106,575.770000000000,0.249000000000
1470323107,575.650000000000,0.133000000000
1470323108,575.330000000000,0.161000000000
1470323109,575.040000000000,0.163000000000
1470323109,575.310000000000,0.142000000000
1470323109,575.300000000000,50.000000000000
1470323109,575.310000000000,0.162500000000
1470323109,574.730000000000,0.147000000000
1470323110,574.360000000000,0.144000000000
1470323110,574.100000000000,0.249000000000
1470323111,574.020000000000,0.132000000000
1470323305,576.270000000000,0.068100000000
1470323523,576.530000000000,0.060400000000
1470323611,576.620000000000,0.060400000000
1470323648,575.960000000000,0.068300000000
1470323648,575.960000000000,0.251000000000
1470323648,575.960000000000,0.250000000000
1470323649,575.960000000000,0.243000000000
1470323649,575.960000000000,0.243000000000
1470323649,575.960000000000,0.253000000000
1470323649,575.960000000000,0.226000000000
1470323740,575.960000000000,0.202000000000
1470323741,576.270000000000,0.146000000000
1470323778,575.820000000000,0.179200000000
1470323812,576.550000000000,0.174000000000
1470323889,576.760000000000,0.151000000000
1470323889,576.770000000000,0.072600000000
1470323979,576.760000000000,0.135900000000
1470324003,576.560000000000,0.242000000000
1470324004,576.560000000000,0.228000000000
1470324004,576.560000000000,0.254000000000
1470324004,576.560000000000,0.255000000000
1470324004,576.560000000000,0.245000000000
1470324004,576.560000000000,0.253000000000
1470324091,576.770000000000,4.927400000000
1470324194,577.450000000000,0.161600000000
1470324236,577.450000000000,3.838400000000
1470324237,577.820000000000,0.173000000000
1470324237,577.500000000000,0.178000000000
1470324281,578.000000000000,0.247000000000
1470324281,578.000000000000,0.938900000000
1470324281,578.000000000000,0.255000000000
1470324281,578.000000000000,0.256000000000
1470324282,578.000000000000,0.247000000000
1470324282,578.000000000000,0.230000000000
1470324282,578.000000000000,0.257000000000
1470324283,577.440000000000,5.000000000000
1470324343,577.760000000000,0.030200000000
1470324377,576.320000000000,0.336800000000
1470324377,576.140000000000,0.160000000000
1470324486,576.170000000000,0.157000000000
1470324486,576.170000000000,0.259000000000
1470324486,576.170000000000,0.257000000000
1470324486,576.170000000000,0.258000000000
1470324486,576.170000000000,0.231000000000
1470324486,576.180000000000,0.140000000000
1470324486,576.170000000000,0.249000000000
1470324487,576.170000000000,0.249000000000
1470324660,576.220000000000,4.000000000000
1470324664,576.150000000000,0.116000000000
1470324784,575.350000000000,0.251000000000
1470324784,575.350000000000,0.252000000000
1470324910,576.340000000000,0.230000000000
1470324918,576.340000000000,0.003000000000
1470324931,575.400000000000,0.322000000000
1470324942,575.400000000000,0.245000000000
1470324949,575.400000000000,0.245000000000
1470324980,573.910000000000,0.130000000000
1470325064,574.490000000000,0.052900000000
1470325100,574.660000000000,0.139000000000
1470325100,574.360000000000,0.140000000000
1470325135,574.330000000000,0.321000000000
1470325136,574.360000000000,0.010000000000
1470325152,574.690000000000,0.080300000000
1470325160,574.420000000000,0.261000000000
1470325160,574.420000000000,0.281000000000
1470325182,573.790000000000,0.346000000000
1470325216,572.900000000000,0.260000000000
1470325222,573.170000000000,0.139000000000
1470325241,572.920000000000,0.378900000000
1470325274,573.990000000000,0.260000000000
1470325274,573.990000000000,0.254000000000
1470325274,573.990000000000,0.235000000000
1470325274,573.990000000000,0.254000000000
1470325274,573.990000000000,0.264000000000
1470325274,573.990000000000,0.259000000000
1470325306,573.240000000000,0.249000000000
1470325316,574.310000000000,4.880000000000
1470325323,574.230000000000,0.256000000000
1470325326,574.230000000000,0.266000000000
1470325326,574.230000000000,0.261000000000
1470325330,573.920000000000,0.238000000000
1470325426,575.070000000000,0.240000000000
1470325426,575.070000000000,0.256000000000
1470325426,575.070000000000,0.262000000000
1470325429,574.230000000000,0.444400000000
1470325447,575.290000000000,0.350400000000
1470325449,575.330000000000,0.009900000000
1470325464,575.550000000000,0.056100000000
1470325465,575.550000000000,0.111900000000
1470325501,575.550000000000,0.269000000000
1470325501,575.550000000000,0.264000000000
1470325501,575.340000000000,0.175900000000
1470325501,575.550000000000,0.146100000000
1470325502,574.720000000000,4.910000000000
1470325544,575.910000000000,0.104600000000
1470325622,575.140000000000,0.265000000000
1470325622,575.140000000000,0.259000000000
1470325623,574.370000000000,0.210000000000
1470325710,574.800000000000,0.059900000000
1470325712,573.390000000000,0.145000000000
1470325800,573.970000000000,0.237000000000
1470325937,573.240000000000,0.267000000000
1470325937,573.240000000000,0.261000000000
1470325937,573.240000000000,0.245000000000
1470325937,573.240000000000,0.268000000000
1470325938,573.240000000000,0.262000000000
1470325938,573.240000000000,0.272000000000
1470326003,573.060000000000,5.000000000000
1470326014,573.920000000000,0.318800000000
1470326230,573.000000000000,0.265000000000
1470326230,573.000000000000,0.270000000000
1470326231,573.000000000000,0.275000000000
1470326231,573.000000000000,0.248000000000
1470326231,573.000000000000,0.271000000000
1470326231,573.000000000000,0.264000000000
1470326293,573.020000000000,0.091200000000
1470326305,572.520000000000,0.154000000000
1470326377,572.530000000000,0.151000000000
1470326378,572.860000000000,0.123000000000
1470326441,572.440000000000,0.242000000000
1470326449,572.430000000000,0.021300000000
1470326466,572.430000000000,4.978700000000
1470326539,573.780000000000,0.272000000000
1470326541,573.780000000000,0.276000000000
1470326541,573.780000000000,0.277000000000
1470326542,573.410000000000,0.359100000000
1470326542,573.420000000000,0.183000000000
1470326542,573.720000000000,0.170000000000
1470326543,573.290000000000,0.266000000000
1470326543,573.290000000000,0.250000000000
1470326544,573.080000000000,0.334600000000
1470326544,574.250000000000,0.267000000000
1470326544,573.250000000000,0.114000000000
1470326545,573.080000000000,0.286000000000
1470326558,573.280000000000,0.170000000000
1470326630,573.600000000000,0.062300000000
1470326632,573.230000000000,0.275000000000
1470326632,573.230000000000,0.279000000000
1470326632,573.230000000000,0.253000000000
1470326633,573.230000000000,0.269000000000
1470326633,573.230000000000,0.269000000000
1470326633,573.230000000000,0.280000000000
1470326686,572.890000000000,3.000000000000
1470326702,573.540000000000,0.277000000000
1470326769,574.090000000000,0.249000000000
1470326769,572.990000000000,0.183300000000
1470326769,574.090000000000,0.256000000000
1470326770,572.760000000000,0.093400000000
1470326784,572.760000000000,0.212600000000
1470326806,572.750000000000,2.000000000000
1470326806,572.740000000000,0.118700000000
1470326932,574.240000000000,1.257500000000
1470326947,573.490000000000,0.280000000000
1470326947,573.490000000000,0.282000000000
1470326948,573.490000000000,0.272000000000
1470326948,572.800000000000,0.149000000000
1470326949,572.750000000000,0.286000000000
1470327064,573.400000000000,0.259000000000
1470327065,573.400000000000,0.285000000000
1470327065,573.400000000000,0.273000000000
1470327065,573.400000000000,0.276000000000
1470327065,573.400000000000,0.284000000000
1470327065,573.400000000000,0.290000000000
1470327086,572.380000000000,0.528500000000
1470327092,572.370000000000,0.141000000000
1470327092,572.370000000000,0.277000000000
1470327092,572.370000000000,0.263000000000
1470327093,572.370000000000,0.290000000000
1470327093,572.370000000000,0.295000000000
1470327093,571.890000000000,0.195000000000
1470327104,571.900000000000,0.152000000000
1470327105,571.840000000000,0.162000000000
1470327108,571.830000000000,0.289000000000
1470327125,571.430000000000,0.138000000000
1470327125,571.260000000000,0.250000000000
1470327155,570.780000000000,0.294000000000
1470327166,570.770000000000,9.800000000000
1470327174,571.610000000000,0.197200000000
1470327323,571.620000000000,0.152000000000
1470327365,570.850000000000,0.267000000000
1470327365,570.850000000000,0.279000000000
1470327366,570.850000000000,0.293000000000
1470327366,570.850000000000,0.299000000000
1470327366,570.850000000000,0.281000000000
1470327366,570.850000000000,0.298000000000
1470327367,570.510000000000,0.345000000000
1470327367,570.520000000000,0.220000000000
1470327368,570.490000000000,0.184000000000
1470327368,570.500000000000,39.770300000000
1470327368,570.500000000000,60.229700000000
1470327369,570.480000000000,0.438200000000
1470327410,570.560000000000,0.036500000000
1470327435,570.160000000000,0.342000000000
1470327456,570.140000000000,0.306000000000
1470327457,569.740000000000,0.126000000000
1470327457,570.140000000000,0.230000000000
1470327457,570.140000000000,0.299000000000
1470327458,569.680000000000,0.769000000000
1470327497,570.530000000000,0.185600000000
1470327497,570.520000000000,0.149200000000
1470327584,570.100000000000,0.088300000000
1470327674,570.430000000000,0.131000000000
1470327762,570.140000000000,0.428100000000
1470327854,570.320000000000,0.220900000000
1470328003,570.310000000000,0.004600000000
1470328153,570.050000000000,0.036600000000
1470328264,570.800000000000,10.000000000000
1470328265,570.810000000000,40.000000000000
1470328366,570.890000000000,0.053300000000
1470328451,570.890000000000,0.030500000000
1470328517,570.170000000000,0.278000000000
1470328518,569.690000000000,0.471600000000
1470328518,570.170000000000,0.287000000000
1470328518,570.170000000000,0.304000000000
1470328518,570.170000000000,0.305000000000
1470328518,570.170000000000,0.312000000000
1470328518,570.170000000000,0.285000000000
1470328519,569.600000000000,50.000000000000
1470328519,569.690000000000,2.530000000000
1470328606,569.960000000000,0.076200000000
1470328641,569.960000000000,9.923800000000
1470328691,570.690000000000,0.027400000000
1470328904,570.610000000000,0.108200000000
1470329005,570.400000000000,0.307000000000
1470329005,570.400000000000,0.279000000000
1470329005,570.410000000000,5.217000000000
1470329133,570.790000000000,7.753000000000
1470329145,570.470000000000,0.146000000000
1470329186,570.790000000000,0.045700000000
1470329279,570.840000000000,0.106700000000
1470329489,570.640000000000,0.148000000000
1470329490,570.830000000000,0.004300000000
1470329598,570.150000000000,0.285000000000
1470329599,570.150000000000,0.002000000000
1470329599,570.140000000000,0.142000000000
1470329601,570.140000000000,0.147000000000
1470329602,570.140000000000,0.077000000000
1470329607,570.140000000000,0.237000000000
1470329607,570.140000000000,0.140000000000
1470329973,570.420000000000,0.310000000000
1470329973,570.420000000000,0.317000000000
1470329974,570.420000000000,0.291000000000
1470329974,570.420000000000,0.282000000000
1470329974,570.420000000000,0.289000000000
1470329974,570.420000000000,0.308000000000
1470330026,569.570000000000,0.026000000000
1470330037,570.220000000000,10.000000000000
1470330083,571.270000000000,0.076200000000
1470330116,571.000000000000,54.319700000000
1470330116,571.000000000000,45.680300000000
1470330155,570.710000000000,5.222000000000
1470330179,571.500000000000,0.038100000000
1470330205,570.830000000000,0.373000000000
1470330211,570.830000000000,0.320000000000
1470330238,569.610000000000,0.263000000000
1470330243,570.020000000000,0.140000000000
1470330243,569.640000000000,0.195000000000
1470330262,570.770000000000,0.056900000000
1470330267,570.680000000000,0.257500000000
1470330431,571.090000000000,5.600000000000
1470330431,571.100000000000,39.400000000000
1470330523,571.000000000000,0.271200000000
1470330523,571.000000000000,0.311000000000
1470330523,571.000000000000,49.728800000000
1470330524,571.000000000000,0.294000000000
1470330524,571.000000000000,0.285000000000
1470330524,571.000000000000,0.314000000000
1470330524,571.000000000000,0.293000000000
1470330570,570.910000000000,0.133000000000
1470330726,571.000000000000,48.183500000000
1470330727,571.000000000000,0.288000000000
1470330727,571.000000000000,1.683500000000
1470330728,571.000000000000,0.314000000000
1470330728,571.000000000000,0.324000000000
1470330862,571.330000000000,6.000000000000
1470330932,571.820000000000,0.216400000000
1470331024,571.820000000000,0.472400000000
1470331043,571.820000000000,0.262000000000
1470331053,571.700000000000,0.134000000000
1470331242,572.950000000000,0.335100000000
1470331329,573.640000000000,0.045700000000
1470331417,573.980000000000,0.430700000000
1470331427,573.980000000000,0.036100000000
1470331562,573.980000000000,0.945100000000
1470331758,574.130000000000,0.056200000000
1470331846,574.180000000000,0.162600000000
1470331920,573.670000000000,0.293000000000
1470331934,573.870000000000,0.018200000000
1470331940,573.670000000000,0.293000000000
1470331940,573.670000000000,0.324000000000
1470331941,573.670000000000,0.289000000000
1470331941,573.670000000000,0.315000000000
1470331941,573.670000000000,0.295000000000
1470332020,574.190000000000,0.017800000000
1470332020,573.870000000000,0.106800000000
1470332100,573.990000000000,0.325000000000
1470332100,573.990000000000,0.289000000000
1470332101,573.990000000000,0.294000000000
1470332101,573.990000000000,0.295000000000
1470332109,573.120000000000,0.273600000000
1470332209,574.190000000000,0.139200000000
1470332209,574.290000000000,0.024800000000
1470332302,574.670000000000,0.197700000000
1470332304,573.980000000000,0.136000000000
1470332304,573.630000000000,0.104000000000
1470332304,573.870000000000,0.147000000000
1470332307,573.270000000000,0.094000000000
1470332458,574.350000000000,0.106000000000
1470332458,574.680000000000,0.154000000000
1470332459,574.710000000000,0.846500000000
1470332459,574.700000000000,0.148000000000
1470332499,574.000000000000,1.000000000000
1470332499,574.000000000000,0.293000000000
1470332499,574.000000000000,0.295000000000
1470332499,574.000000000000,0.315000000000
1470332499,574.000000000000,0.314000000000
1470332500,574.000000000000,0.324000000000
1470332537,574.100000000000,0.809800000000
1470332556,574.390000000000,0.060800000000
1470332597,574.680000000000,0.665400000000
1470332597,574.670000000000,0.144000000000
1470332655,574.680000000000,4.844200000000
1470332706,575.030000000000,0.110000000000
1470332706,574.680000000000,0.107000000000
1470332706,575.270000000000,0.134000000000
1470332707,575.280000000000,0.104800000000
1470332797,575.120000000000,0.121600000000
1470332879,575.160000000000,0.060800000000
1470332955,575.290000000000,0.124000000000
1470332956,575.300000000000,0.199900000000
1470332964,574.780000000000,0.086600000000
1470332976,574.530000000000,0.900000000000
1470332976,574.530000000000,3.000000000000
1470333040,574.210000000000,0.077000000000
1470333063,574.180000000000,0.090000000000
1470333066,573.920000000000,0.315000000000
1470333073,573.920000000000,0.315000000000
1470333074,573.920000000000,0.294000000000
1470333076,573.920000000000,0.325000000000
1470333217,574.580000000000,0.295000000000
1470333217,574.580000000000,0.315000000000
1470333242,574.530000000000,0.699400000000
1470333330,574.240000000000,0.045600000000
1470333385,573.870000000000,0.122000000000
1470333385,574.180000000000,5.865000000000
1470333385,574.170000000000,0.316000000000
1470333385,574.000000000000,1.000000000000
1470333513,575.080000000000,0.100000000000
1470333513,575.290000000000,0.127000000000
1470333514,575.400000000000,0.104000000000
1470333514,575.300000000000,49.800100000000
1470333622,575.260000000000,0.317000000000
1470333622,575.260000000000,0.325000000000
1470333622,575.260000000000,0.295000000000
1470333622,575.260000000000,0.315000000000
1470333623,574.790000000000,0.104000000000
1470333628,574.490000000000,0.070000000000
1470333629,574.210000000000,0.072000000000
1470333630,573.880000000000,0.111000000000
1470333631,573.500000000000,1.000000000000
1470333631,573.740000000000,0.114000000000
1470333631,573.570000000000,0.121000000000
1470333632,573.000000000000,1.000000000000
1470333632,572.920000000000,0.104000000000
1470333632,573.240000000000,0.108000000000
1470333634,572.580000000000,0.124000000000
1470333634,572.090000000000,0.009900000000
1470333634,572.240000000000,0.106000000000
1470333635,572.090000000000,0.188000000000
1470333636,573.330000000000,0.316800000000
1470333667,573.970000000000,0.270200000000
