1446420770,328.820000000000,3.303000000000
1446420775,328.850000000000,4.543000000000
1446420776,328.770000000000,5.000000000000
1446420799,328.670000000000,4.805000000000
1446420803,328.670000000000,0.050000000000
1446420807,328.650000000000,4.676000000000
1446420827,328.510000000000,25.000000000000
1446420834,328.370000000000,4.490000000000
1446420834,328.370000000000,4.034000000000
1446420840,328.480000000000,3.731000000000
1446420934,329.260000000000,0.010000000000
1446421018,328.830000000000,0.022000000000
1446421048,329.460000000000,4.815000000000
1446421049,329.540000000000,39.990000000000
1446421244,329.450000000000,0.050000000000
1446421288,329.890000000000,0.670000000000
1446421326,329.840000000000,4.772000000000
1446421326,329.850000000000,0.138000000000
1446421357,329.900000000000,0.740000000000
1446421357,329.560000000000,2.932000000000
1446421394,329.380000000000,0.020000000000
1446421409,329.380000000000,2.912000000000
1446421464,329.430000000000,40.000000000000
1446421477,329.330000000000,0.020000000000
1446421505,329.170000000000,0.120000000000
1446421527,329.170000000000,0.020000000000
1446421536,329.170000000000,0.020000000000
1446421593,329.170000000000,13.000000000000
1446421606,329.240000000000,1.450000000000
1446421624,329.240000000000,0.140000000000
1446421645,329.240000000000,0.010000000000
1446421666,329.240000000000,0.020000000000
1446421705,328.670000000000,0.024700000000
1446421764,328.890000000000,0.650000000000
1446421824,329.110000000000,1.940000000000
1446421897,328.900000000000,0.050000000000
1446421897,328.890000000000,5.000000000000
1446422014,328.400000000000,4.113000000000
1446422156,328.850000000000,3.770000000000
1446422193,328.910000000000,1.990000000000
1446422211,328.910000000000,0.470000000000
1446422228,328.910000000000,0.010000000000
1446422244,328.500000000000,0.760000000000
1446422271,328.500000000000,0.760000000000
1446422307,328.750000000000,4.210000000000
1446422322,328.750000000000,0.180000000000
1446422350,328.750000000000,0.200000000000
1446422365,328.750000000000,0.010000000000
1446422438,328.750000000000,0.900000000000
1446422451,328.750000000000,0.780000000000
1446422492,328.750000000000,0.100000000000
1446422554,328.760000000000,0.010000000000
1446422703,328.740000000000,0.024700000000
1446422716,328.390000000000,3.137000000000
1446422849,328.270000000000,0.024700000000
1446423083,329.590000000000,0.024700000000
1446423484,329.640000000000,0.474000000000
1446423527,329.030000000000,0.024700000000
1446423564,329.790000000000,3.356000000000
1446423747,329.330000000000,0.024700000000
1446424055,329.630000000000,1.960000000000
1446424061,329.720000000000,1.960000000000
1446424087,329.790000000000,35.713600000000
1446424087,329.720000000000,100.000000000000
1446424097,329.790000000000,84.286400000000
1446424111,329.990000000000,100.000000000000
1446424111,329.870000000000,40.000000000000
1446424112,330.060000000000,4.795000000000
1446424116,329.680000000000,4.819000000000
1446424192,329.740000000000,0.024700000000
1446424199,330.030000000000,4.778000000000
1446424199,329.730000000000,24.975300000000
1446424228,329.950000000000,25.000000000000
1446424856,329.740000000000,30.000000000000
1446425022,329.730000000000,0.900000000000
1446425073,329.740000000000,0.030000000000
1446425345,329.570000000000,1.160000000000
1446425591,329.560000000000,4.824000000000
1446425753,329.040000000000,100.000000000000
1446426202,329.270000000000,4.770000000000
1446426202,329.530000000000,4.780000000000
1446426568,328.530000000000,25.000000000000
1446426575,328.250000000000,5.000000000000
1446426575,327.760000000000,40.000000000000
1446426581,327.770000000000,4.830000000000
1446426588,328.030000000000,1.960000000000
1446426589,328.030000000000,1.960000000000
1446426589,327.560000000000,25.000000000000
1446426595,327.630000000000,4.004000000000
1446426601,327.530000000000,3.302000000000
1446426609,328.020000000000,25.000000000000
1446426611,328.020000000000,4.521000000000
1446426631,327.810000000000,4.848000000000
1446426632,327.810000000000,0.024700000000
1446426653,327.400000000000,3.932000000000
1446426660,327.320000000000,3.548000000000
1446426669,327.870000000000,4.849000000000
1446426669,327.880000000000,40.000000000000
1446426682,327.660000000000,4.104000000000
1446426684,327.820000000000,4.128000000000
1446426696,327.970000000000,25.000000000000
1446426701,328.070000000000,4.716000000000
1446426729,327.950000000000,4.603000000000
1446426789,327.270000000000,3.152000000000
1446426798,327.270000000000,4.792000000000
1446426817,327.270000000000,2.056000000000
1446426853,326.390000000000,0.024700000000
1446426867,326.010000000000,40.000000000000
1446426867,325.960000000000,4.837000000000
1446426869,325.640000000000,10.000000000000
1446426875,325.530000000000,4.623000000000
1446426883,325.080000000000,25.000000000000
1446426889,325.190000000000,4.982000000000
1446426928,326.000000000000,15.000000000000
1446426934,326.270000000000,25.000000000000
1446426935,326.070000000000,4.813000000000
1446426970,325.990000000000,4.834000000000
1446426985,325.990000000000,1.986000000000
1446426987,325.970000000000,1.960000000000
1446427028,325.980000000000,4.842000000000
1446427028,325.970000000000,25.000000000000
1446427044,325.940000000000,3.605000000000
1446427045,325.840000000000,3.747000000000
1446427133,326.070000000000,1.000000000000
1446427148,326.380000000000,4.820000000000
1446427175,325.750000000000,4.885000000000
1446427176,325.510000000000,25.000000000000
1446427176,325.380000000000,25.000000000000
1446427176,325.390000000000,4.838000000000
1446427177,324.890000000000,1.960000000000
1446427183,324.890000000000,3.403000000000
1446427192,324.410000000000,10.000000000000
1446427197,324.940000000000,4.329000000000
1446427211,324.820000000000,4.733000000000
1446427228,324.760000000000,2.000000000000
1446427229,324.370000000000,5.418800000000
1446427230,324.680000000000,3.936000000000
1446427236,324.680000000000,4.660000000000
1446427250,324.370000000000,1.444100000000
1446427250,324.750000000000,2.783900000000
1446427252,324.600000000000,3.819000000000
1446427257,324.640000000000,3.684000000000
1446427308,324.330000000000,1.000000000000
1446427308,324.070000000000,0.960000000000
1446427527,324.330000000000,1.220000000000
1446427542,324.330000000000,2.622400000000
1446427562,324.550000000000,3.842400000000
1446427597,325.340000000000,1.960000000000
1446427663,325.060000000000,1.170000000000
1446427676,325.110000000000,0.010000000000
1446427688,324.980000000000,0.010000000000
1446427706,324.980000000000,0.010000000000
1446427720,324.980000000000,0.005000000000
1446427741,324.980000000000,0.003000000000
1446427899,325.610000000000,0.071100000000
1446427903,325.890000000000,40.000000000000
1446427940,326.010000000000,4.881000000000
1446427944,326.010000000000,4.826000000000
1446428016,326.240000000000,1.960000000000
1446428019,326.380000000000,1.960000000000
1446428125,326.550000000000,1.960000000000
1446428127,325.960000000000,1.960000000000
1446428206,325.560000000000,1.960000000000
1446428421,325.680000000000,4.820000000000
1446428486,325.820000000000,4.841000000000
1446428543,326.170000000000,3.119000000000
1446428549,326.520000000000,4.838000000000
1446428550,326.530000000000,0.162000000000
1446428553,326.210000000000,3.944000000000
1446428563,326.530000000000,5.000000000000
1446428578,326.360000000000,5.000000000000
1446428592,326.570000000000,4.870000000000
1446428621,325.580000000000,5.000000000000
1446428642,325.650000000000,5.000000000000
1446428683,325.640000000000,0.200000000000
1446428702,325.640000000000,0.060000000000
1446428723,325.640000000000,0.020000000000
1446428743,325.750000000000,0.010000000000
1446428771,325.450000000000,4.320000000000
1446428788,325.430000000000,0.680000000000
1446428788,325.870000000000,0.120000000000
1446428814,325.980000000000,4.853000000000
1446428846,326.520000000000,5.002000000000
1446428848,326.580000000000,1.960000000000
1446428924,326.090000000000,0.090000000000
1446428942,326.280000000000,3.380000000000
1446428950,325.700000000000,20.138000000000
1446428950,325.960000000000,4.862000000000
1446428997,326.290000000000,0.180000000000
1446429007,326.290000000000,1.110000000000
1446429024,326.230000000000,5.000000000000
1446429037,326.200000000000,4.260000000000
1446429084,326.320000000000,0.020000000000
1446429120,326.320000000000,0.070000000000
1446429380,326.020000000000,4.884000000000
1446429390,325.990000000000,19.860000000000
1446429392,325.870000000000,4.967000000000
1446429392,325.870000000000,0.100000000000
1446429539,326.160000000000,4.866000000000
1446429539,326.150000000000,0.007300000000
1446429546,325.780000000000,0.100000000000
1446429577,325.780000000000,0.730000000000
1446429999,326.380000000000,0.015100000000
1446430079,326.300000000000,4.839000000000
1446430231,326.360000000000,0.140000000000
1446430360,326.160000000000,0.030000000000
1446430368,326.160000000000,0.030000000000
1446430389,326.010000000000,0.030000000000
1446430393,326.010000000000,0.025300000000
1446430528,326.280000000000,0.090000000000
1446430536,325.720000000000,0.020000000000
1446430588,326.250000000000,0.020000000000
1446430602,326.250000000000,0.010000000000
1446430811,326.680000000000,0.100000000000
1446430830,326.680000000000,0.003500000000
1446430830,326.840000000000,3.656500000000
1446430918,327.270000000000,10.000000000000
1446431011,327.290000000000,4.865000000000
1446431213,327.210000000000,1.760000000000
1446431228,327.420000000000,4.020000000000
1446431279,327.420000000000,25.000000000000
1446431286,327.430000000000,0.125400000000
1446431286,327.940000000000,1.254600000000
1446431295,328.860000000000,0.060000000000
1446431332,328.810000000000,0.020000000000
1446431347,328.910000000000,2.260000000000
1446431364,328.910000000000,0.660000000000
1446431378,328.810000000000,0.010000000000
1446431399,328.810000000000,0.470000000000
1446431531,328.260000000000,3.790000000000
1446431665,328.910000000000,0.003300000000
1446431665,328.330000000000,0.146700000000
1446431908,328.420000000000,3.704000000000
1446432967,328.310000000000,5.011000000000
1446432989,328.260000000000,3.349000000000
1446433673,327.710000000000,33.000000000000
1446433833,328.500000000000,0.015100000000
1446433943,328.910000000000,3.128000000000
1446433949,328.900000000000,0.400000000000
1446433950,328.910000000000,3.091000000000
1446434128,328.910000000000,0.857700000000
1446434383,329.000000000000,0.390000000000
1446434388,329.000000000000,0.810000000000
1446434414,328.960000000000,0.008000000000
1446435809,329.270000000000,0.195900000000
1446437107,328.110000000000,25.000000000000
1446437206,327.900000000000,25.000000000000
1446437269,328.110000000000,25.000000000000
1446437307,327.640000000000,22.990000000000
1446437307,327.690000000000,2.010000000000
1446437335,327.870000000000,25.000000000000
1446437371,328.030000000000,25.000000000000
1446437429,327.930000000000,1.960000000000
1446437429,327.930000000000,1.960000000000
1446437430,327.930000000000,0.887000000000
1446437430,327.940000000000,1.073000000000
1446437468,327.880000000000,2.140000000000
1446437532,327.880000000000,3.017000000000
1446437594,328.120000000000,4.811000000000
1446437599,328.230000000000,25.000000000000
1446437750,328.130000000000,4.612000000000
1446437904,328.450000000000,4.720000000000
1446437912,328.380000000000,3.160000000000
1446438743,328.190000000000,4.701000000000
1446438763,328.430000000000,3.714000000000
1446438810,329.100000000000,4.648000000000
1446438811,329.240000000000,4.253000000000
1446438843,329.290000000000,3.746000000000
1446438868,329.370000000000,3.280000000000
1446438872,329.400000000000,4.498000000000
1446438875,329.440000000000,5.000000000000
1446438877,329.520000000000,4.838000000000
1446438877,329.440000000000,11.125500000000
1446438880,329.530000000000,0.182100000000
1446438883,329.730000000000,4.425000000000
1446438884,329.730000000000,4.429400000000
1446438890,330.090000000000,0.835000000000
1446438890,329.730000000000,4.165000000000
1446438904,330.040000000000,5.000000000000
1446438924,330.040000000000,5.000000000000
1446438938,330.090000000000,5.000000000000
1446438952,330.090000000000,5.000000000000
1446438955,330.060000000000,3.950000000000
1446438960,330.060000000000,4.781000000000
1446438965,330.090000000000,0.220000000000
1446438965,330.070000000000,4.780000000000
1446438985,330.090000000000,5.000000000000
1446438988,330.090000000000,25.000000000000
1446439002,330.090000000000,5.000000000000
1446439016,330.090000000000,3.945000000000
1446439017,330.200000000000,1.055000000000
1446439023,330.190000000000,1.960000000000
1446439031,330.550000000000,5.000000000000
1446439047,330.490000000000,4.833000000000
1446439050,330.550000000000,0.167000000000
1446439054,330.440000000000,24.520000000000
1446439066,330.550000000000,4.830000000000
1446439084,331.330000000000,0.327000000000
1446439084,330.550000000000,0.003000000000
1446439734,331.160000000000,2.990200000000
1446440351,331.330000000000,2.000000000000
1446440547,331.440000000000,1.200000000000
1446440560,331.330000000000,1.200000000000
1446440605,331.250000000000,1.000000000000
1446440798,331.030000000000,0.500000000000
1446440881,331.000000000000,0.500000000000
1446441474,332.000000000000,5.000000000000
1446442121,331.110000000000,25.000000000000
1446442150,331.110000000000,11.510000000000
1446442151,331.000000000000,3.500000000000
1446442151,330.430000000000,4.783000000000
1446442151,330.420000000000,5.207000000000
1446442175,331.930000000000,5.000000000000
1446442182,330.610000000000,5.000000000000
1446442182,330.560000000000,20.000000000000
1446442235,330.590000000000,3.266000000000
1446442235,330.590000000000,1.960000000000
1446442243,330.580000000000,4.704000000000
1446442289,330.420000000000,4.939200000000
1446442707,331.200000000000,4.939200000000
1446443947,332.200000000000,0.050000000000
1446444113,332.050000000000,25.000000000000
1446444126,332.000000000000,1.000000000000
1446444151,332.190000000000,0.590000000000
1446444151,332.180000000000,0.590000000000
1446444151,332.180000000000,0.590000000000
1446444152,332.200000000000,9.950000000000
1446444157,332.280000000000,13.280000000000
1446444158,332.130000000000,0.720000000000
1446444159,332.600000000000,4.789000000000
1446444171,332.600000000000,3.755000000000
1446444180,332.600000000000,3.794000000000
1446444410,331.850000000000,0.800400000000
1446444541,331.750000000000,6.510000000000
1446444541,331.760000000000,1.760000000000
1446444571,331.730000000000,0.470500000000
1446444688,331.680000000000,3.716000000000
1446444864,331.990000000000,0.090000000000
1446445065,331.500000000000,7.514800000000
1446445168,331.250000000000,0.900000000000
1446445169,331.370000000000,4.802000000000
1446445169,331.380000000000,3.766500000000
1446445176,331.410000000000,3.766500000000
1446445196,330.760000000000,3.766500000000
1446445228,331.290000000000,7.520200000000
1446445241,331.290000000000,0.749800000000
1446445309,331.270000000000,7.521100000000
1446445316,331.270000000000,0.748900000000
1446446465,330.940000000000,4.811000000000
1446446467,330.930000000000,17.939000000000
1446447113,331.250000000000,4.888000000000
1446447126,331.240000000000,4.641000000000
1446447149,331.240000000000,3.180000000000
1446447166,331.250000000000,4.571000000000
1446447348,331.040000000000,22.060000000000
1446447371,330.940000000000,2.112000000000
1446447371,330.950000000000,1.871000000000
1446447391,330.950000000000,3.181000000000
1446447406,330.950000000000,4.806000000000
1446447426,330.950000000000,3.323000000000
1446447443,330.950000000000,1.300000000000
1446448131,332.060000000000,20.000000000000
1446448778,330.820000000000,3.787000000000
1446448809,330.830000000000,4.532000000000
1446448911,330.820000000000,4.092000000000
1446448925,330.830000000000,3.552000000000
1446448948,330.830000000000,4.160000000000
1446448956,330.830000000000,4.363000000000
1446448959,330.830000000000,3.877000000000
1446448966,330.820000000000,4.876600000000
1446448969,330.820000000000,5.000000000000
1446449028,330.600000000000,21.650000000000
1446449028,330.700000000000,17.550000000000
1446449028,330.550000000000,5.084300000000
1446449028,330.550000000000,4.915700000000
1446449029,330.080000000000,29.880000000000
1446449029,330.290000000000,0.497300000000
1446449029,330.550000000000,16.000000000000
1446449035,330.700000000000,2.270000000000
1446449063,330.750000000000,0.060000000000
1446449495,331.210000000000,0.037000000000
1446449556,330.170000000000,3.772800000000
1446450246,331.880000000000,40.000000000000
1446450922,331.920000000000,0.040000000000
1446450922,331.920000000000,0.040000000000
1446450922,331.930000000000,0.054700000000
1446450923,332.100000000000,0.002100000000
1446450923,332.190000000000,0.460000000000
1446450925,332.200000000000,2.764000000000
1446450928,332.200000000000,10.000000000000
1446450928,332.600000000000,25.000000000000
1446450929,332.700000000000,0.040000000000
1446450930,332.700000000000,7.036200000000
1446450930,332.700000000000,4.563000000000
1446450933,331.010000000000,1.960000000000
1446450938,331.010000000000,0.804400000000
1446450938,330.600000000000,1.155600000000
1446450969,333.000000000000,50.000000000000
1446450969,333.000000000000,0.880000000000
1446450970,333.000000000000,25.000000000000
1446450970,333.000000000000,1.160000000000
1446450984,333.000000000000,1.960000000000
1446450985,333.000000000000,4.458000000000
1446450991,333.000000000000,4.235000000000
1446451008,333.000000000000,2.307000000000
1446451009,333.000000000000,9.000000000000
1446451063,332.780000000000,0.137000000000
1446451085,332.060000000000,3.752000000000
1446451226,331.790000000000,3.752000000000
1446452156,332.860000000000,0.065100000000
1446452172,332.910000000000,4.809000000000
1446452192,332.590000000000,1.960000000000
1446452195,332.550000000000,2.500000000000
1446452198,331.950000000000,2.500000000000
1446452198,331.950000000000,2.500000000000
1446452470,332.480000000000,4.460000000000
1446453102,333.330000000000,4.264000000000
1446453113,333.330000000000,3.326000000000
1446453128,333.010000000000,1.540000000000
1446453131,333.330000000000,4.253000000000
1446453150,333.330000000000,3.573000000000
1446453164,333.330000000000,3.826000000000
1446453170,333.330000000000,25.000000000000
1446453185,333.330000000000,4.071000000000
1446453185,333.330000000000,1.687000000000
1446453209,333.360000000000,0.077800000000
1446453787,332.970000000000,28.860000000000
1446453794,332.800000000000,3.925000000000
1446454176,333.030000000000,0.160000000000
1446454251,332.340000000000,3.279000000000
1446454285,332.330000000000,0.050000000000
1446454300,331.960000000000,25.000000000000
1446454307,332.040000000000,4.327000000000
1446454358,332.000000000000,1.960000000000
1446454359,332.550000000000,1.960000000000
1446454402,332.600000000000,0.120000000000
1446454436,332.160000000000,0.180000000000
1446454627,332.020000000000,0.050000000000
1446454681,332.080000000000,3.835000000000
1446454684,332.600000000000,25.000000000000
1446455586,333.180000000000,1.508000000000
1446455607,333.180000000000,4.931000000000
1446455621,333.180000000000,3.256000000000
1446455624,333.250000000000,1.960000000000
1446455624,333.250000000000,4.278000000000
1446455624,333.250000000000,1.960000000000
1446455627,333.250000000000,1.960000000000
1446455635,333.250000000000,0.362000000000
1446455767,333.260000000000,4.594000000000
1446455830,333.310000000000,1.960000000000
1446455830,333.310000000000,1.960000000000
1446455831,333.310000000000,1.960000000000
1446456070,333.290000000000,2.500000000000
1446456086,333.290000000000,2.500000000000
1446456086,333.290000000000,2.500000000000
1446456086,333.290000000000,2.500000000000
1446456086,333.290000000000,2.500000000000
1446456087,333.290000000000,2.500000000000
1446456087,333.290000000000,2.500000000000
1446456087,333.290000000000,2.500000000000
1446456087,333.290000000000,2.500000000000
1446456088,333.290000000000,2.500000000000
1446456090,333.260000000000,20.250000000000
1446456090,333.270000000000,4.750000000000
1446456149,333.260000000000,2.916000000000
1446456149,333.260000000000,0.156000000000
1446456156,333.260000000000,1.830000000000
1446456156,333.250000000000,1.424000000000
1446456160,333.860000000000,1.000000000000
1446456160,333.860000000000,1.000000000000
1446456163,333.860000000000,0.479000000000
1446456163,333.860000000000,1.000000000000
1446456163,333.870000000000,0.521000000000
1446456164,333.870000000000,1.000000000000
1446456164,333.870000000000,1.000000000000
1446456164,333.870000000000,1.000000000000
1446456164,333.870000000000,1.000000000000
1446456165,333.870000000000,1.000000000000
1446456165,333.870000000000,1.000000000000
1446456173,333.870000000000,1.000000000000
1446456174,333.870000000000,1.000000000000
1446456174,333.870000000000,0.479000000000
1446456174,333.870000000000,1.000000000000
1446456175,333.870000000000,1.000000000000
1446456175,333.870000000000,1.000000000000
1446456175,333.870000000000,0.521000000000
1446456176,333.870000000000,1.000000000000
1446456176,333.870000000000,1.000000000000
1446456176,333.870000000000,1.000000000000
1446456177,333.870000000000,1.000000000000
1446456179,333.250000000000,1.424000000000
1446456179,333.250000000000,1.424000000000
1446456179,333.250000000000,0.902000000000
1446456348,333.260000000000,4.516000000000
1446456356,333.250000000000,0.522000000000
1446456356,333.250000000000,0.272000000000
1446456398,334.500000000000,1.000000000000
1446456413,334.500000000000,1.000000000000
1446456413,334.500000000000,1.000000000000
1446456414,334.500000000000,0.152000000000
1446456420,334.500000000000,1.000000000000
1446456420,334.500000000000,0.848000000000
1446456420,334.500000000000,0.152000000000
1446456428,334.500000000000,1.000000000000
1446456428,334.500000000000,0.848000000000
1446456428,334.500000000000,1.000000000000
1446456429,334.500000000000,1.000000000000
1446456440,334.500000000000,1.000000000000
1446456443,333.250000000000,1.152000000000
1446456444,333.250000000000,1.424000000000
1446456444,333.250000000000,0.511000000000
1446456446,333.250000000000,0.913000000000
1446456447,333.250000000000,0.777000000000
1446456447,333.250000000000,1.424000000000
1446456636,333.220000000000,3.512000000000
1446456683,333.180000000000,4.551000000000
1446456758,333.180000000000,0.754000000000
1446456771,333.660000000000,0.050000000000
1446457126,332.770000000000,0.050000000000
1446457604,334.270000000000,0.080000000000
1446457604,334.270000000000,0.080000000000
1446457605,334.310000000000,0.080000000000
1446457610,334.450000000000,4.097000000000
1446457618,334.450000000000,2.663000000000
1446457719,334.420000000000,3.645800000000
1446458378,332.980000000000,2.970000000000
1446458380,332.980000000000,2.970000000000
1446458382,332.980000000000,2.970000000000
1446458385,333.030000000000,2.970000000000
1446458388,333.030000000000,1.140000000000
1446458388,333.040000000000,2.970000000000
1446458388,333.040000000000,1.830000000000
1446458394,332.850000000000,1.140000000000
1446458396,334.540000000000,1.140000000000
1446459899,334.900000000000,5.000000000000
1446460077,333.750000000000,0.080000000000
1446460077,333.740000000000,3.753000000000
1446460077,333.750000000000,0.838000000000
1446460367,335.000000000000,0.100000000000
1446460368,335.000000000000,0.100000000000
1446460368,335.000000000000,9.810000000000
1446460420,335.000000000000,3.105000000000
1446460692,334.920000000000,1.960000000000
1446460702,334.920000000000,1.960000000000
1446460854,334.970000000000,1.960000000000
1446460963,335.000000000000,25.000000000000
1446461017,334.500000000000,3.380000000000
1446461017,334.500000000000,25.000000000000
1446461031,334.480000000000,1.529000000000
1446461031,334.500000000000,3.073000000000
1446461272,334.900000000000,3.093300000000
1446461390,333.330000000000,4.758000000000
1446461391,333.330000000000,1.960000000000
1446461398,333.330000000000,4.904000000000
1446461398,333.330000000000,1.960000000000
1446461399,333.330000000000,1.960000000000
1446461530,333.590000000000,1.060000000000
1446462416,333.550000000000,7.000000000000
1446463209,333.200000000000,0.109200000000
1446463478,333.300000000000,5.000000000000
1446463479,332.740000000000,3.036000000000
1446463486,332.740000000000,4.852000000000
1446463742,334.300000000000,4.310000000000
1446464076,334.070000000000,0.115000000000
1446464490,334.280000000000,25.000000000000
1446464518,334.260000000000,7.340000000000
1446464518,334.310000000000,17.660000000000
1446464669,334.820000000000,0.462200000000
1446464676,335.000000000000,3.072000000000
1446464690,335.000000000000,4.849000000000
1446464705,335.000000000000,4.164000000000
1446464705,335.000000000000,0.478000000000
1446464712,335.000000000000,4.173000000000
1446464733,335.000000000000,0.349000000000
1446464843,335.230000000000,3.426000000000
1446464843,335.230000000000,6.574000000000
1446464844,335.530000000000,10.000000000000
1446464844,336.000000000000,8.426000000000
1446464890,336.000000000000,4.391000000000
1446464912,336.030000000000,0.670900000000
1446465357,336.990000000000,0.809500000000
1446465357,337.000000000000,2.196500000000
1446465361,337.000000000000,47.803500000000
1446465387,337.210000000000,3.379000000000
1446465393,337.210000000000,3.587000000000
1446465393,337.210000000000,3.034000000000
1446465473,338.250000000000,0.953300000000
1446465479,338.210000000000,2.249300000000
1446465479,338.250000000000,0.000700000000
1446465529,338.900000000000,3.723000000000
1446465536,339.000000000000,0.500000000000
1446465536,338.900000000000,6.277000000000
1446465536,339.000000000000,42.308000000000
1446465593,339.470000000000,0.507600000000
1446465670,339.510000000000,22.310000000000
1446465701,339.020000000000,20.000000000000
1446465771,339.560000000000,0.200000000000
1446465785,338.870000000000,65.000000000000
1446465816,338.870000000000,1.290000000000
1446465831,339.460000000000,0.500000000000
1446465834,339.460000000000,0.007700000000
1446466025,339.390000000000,0.650000000000
1446466048,339.380000000000,0.650000000000
1446466049,339.590000000000,1.192900000000
1446466049,339.750000000000,2.622100000000
1446466053,339.750000000000,1.377900000000
1446466055,339.980000000000,1.450000000000
1446466078,340.000000000000,0.006000000000
1446466078,340.000000000000,0.100000000000
1446466078,340.000000000000,0.100000000000
1446466078,339.990000000000,5.000000000000
1446466084,340.590000000000,10.000000000000
1446466176,341.530000000000,0.005900000000
1446466223,341.500000000000,3.248000000000
1446466292,341.200000000000,8.140000000000
1446466321,341.420000000000,2.139300000000
1446466321,341.410000000000,21.030000000000
1446466325,341.610000000000,0.110000000000
1446466328,341.610000000000,11.860000000000
1446466350,341.090000000000,0.050000000000
1446466526,341.090000000000,3.805000000000
1446466572,341.000000000000,2.650000000000
1446466588,340.550000000000,0.024200000000
1446466594,340.960000000000,3.029000000000
1446466617,341.000000000000,13.000000000000
1446466845,342.300000000000,1.960000000000
1446466950,342.300000000000,0.014000000000
1446467126,341.750000000000,0.460000000000
1446467318,341.810000000000,3.987000000000
1446467334,342.020000000000,3.920000000000
1446467342,341.910000000000,3.470000000000
1446467387,341.650000000000,3.385000000000
1446467394,341.790000000000,4.155000000000
1446467408,341.630000000000,135.067600000000
1446467410,341.500000000000,14.932400000000
1446467584,340.260000000000,4.431000000000
1446468150,340.130000000000,4.529000000000
1446468203,340.130000000000,3.752000000000
1446468213,340.350000000000,3.334000000000
1446468293,340.000000000000,5.000000000000
1446468303,340.030000000000,4.280000000000
1446468356,340.130000000000,4.347000000000
1446468359,342.260000000000,18.300000000000
1446468762,342.280000000000,41.700000000000
1446468767,342.280000000000,3.531000000000
1446468770,342.280000000000,1.960000000000
1446468770,342.280000000000,1.960000000000
1446468779,342.280000000000,0.849000000000
1446468830,342.280000000000,4.949000000000
1446468841,342.280000000000,3.478000000000
1446468851,342.280000000000,4.648000000000
1446468868,342.280000000000,4.222000000000
1446468876,342.280000000000,11.658000000000
1446469072,340.110000000000,25.000000000000
1446469590,340.240000000000,1.960000000000
1446469591,340.240000000000,3.040000000000
1446469713,340.390000000000,3.000000000000
1446469875,340.320000000000,0.300000000000
1446470512,340.790000000000,0.196600000000
1446471203,341.430000000000,3.651200000000
1446471268,341.000000000000,2.405000000000
1446471268,340.990000000000,1.410000000000
1446471269,341.000000000000,1.595000000000
1446471362,341.680000000000,7.762000000000
1446471362,341.680000000000,4.148000000000
1446471629,341.160000000000,0.779500000000
1446472050,341.680000000000,0.550000000000
1446472556,341.680000000000,3.530000000000
1446472556,341.690000000000,0.509000000000
1446472563,341.690000000000,1.491000000000
1446472586,342.300000000000,1.000000000000
1446472587,342.300000000000,3.664000000000
1446472600,342.300000000000,3.362000000000
1446472660,342.040000000000,40.010000000000
1446472660,342.030000000000,4.639000000000
1446472661,342.020000000000,55.351000000000
1446472785,342.500000000000,3.000000000000
1446473155,343.000000000000,3.832000000000
1446473222,343.000000000000,1.168000000000
1446473272,342.550000000000,2.000000000000
1446473322,342.500000000000,2.000000000000
1446473724,342.000000000000,10.000000000000
1446473724,341.780000000000,90.000000000000
1446473790,341.670000000000,3.456000000000
1446473791,341.680000000000,0.884000000000
1446473804,341.680000000000,3.497000000000
1446473816,341.580000000000,4.632000000000
1446473822,341.350000000000,3.885000000000
1446473843,341.370000000000,4.114000000000
1446474056,341.820000000000,1.960000000000
1446474062,341.820000000000,1.960000000000
1446474063,341.820000000000,4.552000000000
1446474210,341.500000000000,10.000000000000
1446474323,341.490000000000,0.700000000000
1446474524,342.430000000000,4.893000000000
1446474531,342.430000000000,65.107000000000
1446474660,342.220000000000,4.524000000000
1446474683,342.220000000000,4.813000000000
1446474698,342.220000000000,3.230000000000
1446474713,342.220000000000,4.113000000000
1446474728,342.220000000000,4.848000000000
1446474805,342.220000000000,2.617000000000
1446474842,342.220000000000,0.010000000000
1446474868,341.500000000000,5.000000000000
1446474990,341.500000000000,3.030000000000
1446474991,341.500000000000,1.970000000000
1446475012,341.250000000000,1.500000000000
1446475013,341.160000000000,1.000000000000
1446475030,341.080000000000,4.525000000000
1446475050,341.080000000000,3.166000000000
1446475065,341.080000000000,4.162000000000
1446475086,341.080000000000,4.558000000000
1446475087,341.080000000000,27.917000000000
1446475104,341.080000000000,1.960000000000
1446475111,341.000000000000,2.000000000000
1446475118,340.660000000000,2.000000000000
1446475134,340.070000000000,4.850000000000
1446475134,340.000000000000,2.000000000000
1446475134,340.590000000000,10.000000000000
1446475144,340.000000000000,1.960000000000
1446475167,339.660000000000,2.000000000000
1446475175,339.000000000000,10.000000000000
1446475176,339.000000000000,2.000000000000
1446475183,338.960000000000,0.489800000000
1446475185,338.900000000000,3.359200000000
1446475193,338.900000000000,6.640800000000
1446475226,338.120000000000,0.878000000000
1446475444,339.000000000000,4.902000000000
1446475459,339.000000000000,4.501000000000
1446475509,339.000000000000,4.392000000000
1446475522,339.000000000000,2.980000000000
1446475645,338.180000000000,7.330100000000
1446475919,338.000000000000,5.000000000000
1446475950,338.000000000000,2.000000000000
1446475950,337.560000000000,0.567500000000
1446475953,337.500000000000,1.000000000000
1446475955,337.240000000000,1.432500000000
1446475977,337.220000000000,2.340000000000
1446475977,337.220000000000,2.660000000000
1446475987,337.210000000000,5.000000000000
1446476010,337.210000000000,5.000000000000
1446476023,337.010000000000,1.000000000000
1446476034,336.370000000000,3.900000000000
1446476065,337.160000000000,5.000000000000
1446476073,337.120000000000,5.000000000000
1446476086,337.370000000000,0.430000000000
1446476108,337.160000000000,1.000000000000
1446476124,337.090000000000,5.000000000000
1446476145,336.560000000000,5.000000000000
1446476243,336.830000000000,5.000000000000
1446476247,336.580000000000,25.150000000000
1446476258,337.070000000000,3.100000000000
1446476272,336.470000000000,5.000000000000
1446476280,336.450000000000,0.780000000000
1446476305,336.470000000000,0.480000000000
1446476308,336.460000000000,4.520000000000
1446476309,338.710000000000,1.194000000000
1446476310,338.750000000000,15.990000000000
1446476316,338.750000000000,26.816000000000
1446476316,336.450000000000,1.960000000000
1446476316,336.450000000000,1.960000000000
1446476322,336.520000000000,5.000000000000
1446476337,336.440000000000,5.000000000000
1446476352,336.480000000000,5.000000000000
1446476368,336.480000000000,5.000000000000
1446476382,336.420000000000,0.776500000000
1446476382,336.360000000000,4.223500000000
1446476393,336.560000000000,5.000000000000
1446476427,336.310000000000,5.000000000000
1446476441,336.340000000000,1.810000000000
1446476441,336.160000000000,3.190000000000
1446476444,338.450000000000,3.187000000000
1446476447,338.640000000000,25.770700000000
1446476447,338.470000000000,0.507600000000
1446476466,336.280000000000,5.000000000000
1446476499,336.130000000000,5.000000000000
1446476511,335.950000000000,5.000000000000
1446476528,336.200000000000,5.000000000000
1446476546,336.240000000000,5.000000000000
1446476561,336.740000000000,4.970000000000
1446476568,336.380000000000,4.714000000000
1446476575,336.480000000000,1.289000000000
1446476576,337.150000000000,3.088000000000
1446476576,336.090000000000,4.701000000000
1446476578,335.970000000000,0.299000000000
1446476605,335.970000000000,5.000000000000
1446476607,336.600000000000,3.571000000000
1446476620,336.190000000000,0.077000000000
1446476620,336.600000000000,4.923000000000
1446476621,337.330000000000,3.206000000000
1446476649,336.390000000000,4.703000000000
1446476650,336.380000000000,0.297000000000
1446476665,336.400000000000,5.000000000000
1446476678,336.430000000000,5.000000000000
1446476687,336.450000000000,5.000000000000
1446476700,336.720000000000,5.000000000000
1446476708,336.740000000000,5.000000000000
1446476709,337.160000000000,44.759000000000
1446476724,337.160000000000,4.384000000000
1446476731,336.800000000000,0.700000000000
1446476748,336.800000000000,0.360000000000
1446476762,337.100000000000,5.000000000000
1446476771,337.010000000000,0.040000000000
1446476786,337.320000000000,5.000000000000
1446476800,337.340000000000,0.700000000000
1446476814,337.370000000000,0.400000000000
1446476828,337.310000000000,4.700000000000
1446476828,337.390000000000,0.300000000000
1446476844,337.340000000000,0.400000000000
1446476844,337.330000000000,4.600000000000
1446476858,337.440000000000,0.302000000000
1446476858,337.460000000000,4.698000000000
1446476872,337.670000000000,5.000000000000
1446476880,337.570000000000,5.000000000000
1446476891,337.590000000000,5.000000000000
1446476903,337.510000000000,4.660000000000
1446476904,337.500000000000,0.060000000000
1446476918,337.950000000000,5.000000000000
1446476929,337.820000000000,5.000000000000
1446476937,337.980000000000,5.000000000000
1446476945,338.000000000000,5.000000000000
1446476950,338.380000000000,3.003000000000
1446476960,338.000000000000,5.000000000000
1446476963,338.490000000000,1.100000000000
1446476966,338.070000000000,5.000000000000
1446476968,338.490000000000,3.395000000000
1446476972,338.200000000000,5.000000000000
1446476979,338.660000000000,0.050000000000
1446476979,338.660000000000,4.762000000000
1446476980,338.020000000000,4.410000000000
1446476995,338.470000000000,5.000000000000
1446477012,338.410000000000,5.000000000000
1446477020,338.830000000000,0.010000000000
1446477024,338.580000000000,5.000000000000
1446477032,338.830000000000,0.010000000000
1446477035,338.590000000000,5.000000000000
1446477043,338.540000000000,5.000000000000
1446477049,338.880000000000,0.003000000000
1446477057,338.680000000000,5.000000000000
1446477119,338.880000000000,0.133300000000
1446477126,338.900000000000,10.000000000000
1446477430,338.990000000000,3.091000000000
1446477472,338.900000000000,1.000000000000
1446477473,338.820000000000,14.940000000000
1446477891,338.910000000000,4.477000000000
1446477897,338.790000000000,3.432000000000
1446477904,338.850000000000,3.069000000000
1446477911,338.920000000000,4.616000000000
1446478065,338.990000000000,0.109600000000
1446478524,338.990000000000,4.155000000000
1446478899,338.990000000000,92.644400000000
1446478900,339.040000000000,1.000000000000
1446478954,339.500000000000,10.000000000000
1446478954,339.510000000000,60.000000000000
1446478955,339.530000000000,0.178100000000
1446479136,339.650000000000,100.000000000000
1446479219,339.670000000000,131.575500000000
1446479311,339.150000000000,5.000000000000
1446479312,339.140000000000,125.174300000000
1446479312,338.980000000000,60.000000000000
1446479312,338.960000000000,7.825700000000
1446479578,338.830000000000,4.033000000000
1446479679,338.840000000000,12.129600000000
1446479680,338.730000000000,35.220000000000
1446479699,338.510000000000,3.691000000000
1446479996,338.510000000000,0.200000000000
1446480123,338.250000000000,3.175000000000
1446480123,338.250000000000,16.825000000000
1446480130,337.990000000000,20.000000000000
1446480296,338.200000000000,4.330000000000
1446480567,337.650000000000,0.396900000000
1446480880,337.800000000000,1.209500000000
1446480947,337.570000000000,0.932000000000
1446480949,337.580000000000,2.313000000000
1446481293,337.360000000000,4.670000000000
1446481293,337.360000000000,0.330000000000
1446481356,337.610000000000,5.000000000000
1446481764,338.090000000000,25.000000000000
1446481892,337.990000000000,5.000000000000
1446481899,337.990000000000,0.005000000000
1446481899,337.490000000000,0.005000000000
1446482003,338.340000000000,5.000000000000
1446482003,338.350000000000,8.000000000000
1446482512,337.800000000000,0.004200000000
1446482512,338.020000000000,0.675800000000
1446482719,338.020000000000,5.000000000000
1446482771,337.970000000000,5.000000000000
1446482783,338.040000000000,5.000000000000
1446482789,338.120000000000,1.960000000000
1446482798,338.120000000000,0.540000000000
1446482805,338.170000000000,5.000000000000
1446482814,338.130000000000,5.000000000000
1446482822,338.240000000000,5.000000000000
1446482846,338.330000000000,5.000000000000
1446482858,338.380000000000,5.000000000000
1446482868,338.150000000000,5.000000000000
1446482884,338.220000000000,5.000000000000
1446482888,338.130000000000,5.000000000000
1446482902,338.130000000000,5.000000000000
1446482904,338.620000000000,6.397000000000
1446482909,338.130000000000,5.000000000000
1446482917,338.180000000000,5.000000000000
1446482926,338.120000000000,5.000000000000
1446482933,338.170000000000,2.000000000000
1446482945,338.190000000000,0.840000000000
1446482946,338.040000000000,4.160000000000
1446482969,337.910000000000,5.000000000000
1446482970,337.990000000000,100.000000000000
1446482976,338.050000000000,5.000000000000
1446482989,338.050000000000,5.000000000000
1446483155,337.880000000000,0.500000000000
1446483155,337.950000000000,4.500000000000
1446483170,338.420000000000,5.000000000000
1446483184,338.310000000000,5.000000000000
1446483546,338.650000000000,100.000000000000
1446483611,338.900000000000,32.409400000000
1446483611,338.900000000000,0.200000000000
1446483611,338.490000000000,67.390600000000
1446483634,338.540000000000,1.556100000000
1446483810,338.520000000000,30.000000000000
1446483852,338.200000000000,0.100000000000
1446483855,338.090000000000,3.862000000000
1446483872,337.800000000000,0.995800000000
1446483873,337.620000000000,8.000000000000
1446483874,337.350000000000,10.000000000000
1446483876,337.350000000000,1.960000000000
1446483906,337.570000000000,4.309000000000
1446483915,337.580000000000,5.000000000000
1446483937,337.980000000000,5.000000000000
1446483937,337.990000000000,0.987000000000
1446483938,338.010000000000,7.042000000000
1446483989,337.210000000000,0.400000000000
1446483998,337.210000000000,5.000000000000
1446484006,337.360000000000,3.889000000000
1446484012,337.210000000000,4.600000000000
1446484106,337.400000000000,5.000000000000
1446484112,337.450000000000,4.355000000000
1446484114,337.440000000000,5.000000000000
1446484127,337.430000000000,5.000000000000
1446484171,337.520000000000,0.400000000000
1446484194,337.530000000000,5.000000000000
1446484226,337.490000000000,0.000100000000
1446484251,337.460000000000,1.960000000000
1446484276,336.940000000000,2.970000000000
1446484294,337.440000000000,4.051000000000
1446484479,337.710000000000,3.388000000000
1446484489,337.680000000000,3.451000000000
1446484526,337.590000000000,0.500000000000
1446484542,337.590000000000,0.640000000000
1446484703,337.620000000000,1.480000000000
1446485096,338.000000000000,5.000000000000
1446485097,337.970000000000,3.200000000000
1446485193,338.480000000000,3.103000000000
1446485200,338.350000000000,3.598000000000
1446485222,338.480000000000,3.402000000000
1446485229,338.480000000000,1.598000000000
1446485232,338.490000000000,1.504000000000
1446485255,338.480000000000,0.020000000000
1446485309,338.990000000000,100.000000000000
1446485309,338.900000000000,10.000000000000
1446485311,339.000000000000,5.000000000000
1446485405,339.970000000000,0.880000000000
1446485423,340.000000000000,3.210000000000
1446485427,340.000000000000,4.798000000000
1446485456,339.990000000000,5.000000000000
1446485470,340.000000000000,10.000000000000
1446485470,339.990000000000,3.770000000000
1446485470,340.000000000000,21.392000000000
1446485484,340.010000000000,3.770000000000
1446485543,340.000000000000,5.200000000000
1446485645,340.310000000000,4.493000000000
1446485770,339.890000000000,4.658000000000
1446486413,339.980000000000,3.051000000000
1446486606,340.000000000000,100.000000000000
1446486679,340.370000000000,0.928100000000
1446486703,340.590000000000,10.000000000000
1446486821,341.470000000000,1.587000000000
1446486821,341.460000000000,3.000000000000
1446486833,341.470000000000,58.541900000000
1446486884,341.550000000000,2.700000000000
1446486885,341.510000000000,0.383900000000
1446487123,341.500000000000,4.813000000000
1446487177,341.500000000000,67.103100000000
1446487609,341.990000000000,3.827000000000
1446487616,341.990000000000,3.811000000000
1446487666,341.980000000000,0.285000000000
1446487666,341.990000000000,0.217300000000
1446487730,341.940000000000,0.500000000000
1446487731,341.990000000000,1.500000000000
1446487732,341.920000000000,3.294000000000
1446487767,341.920000000000,0.500000000000
1446487768,341.990000000000,0.644700000000
1446487768,342.000000000000,3.855300000000
1446487803,341.880000000000,1.960000000000
1446487804,341.770000000000,1.960000000000
1446487810,341.900000000000,2.126600000000
1446487830,341.770000000000,3.489000000000
1446487837,341.620000000000,4.789000000000
1446487893,341.620000000000,3.879000000000
1446487906,341.610000000000,3.080000000000
1446487956,341.470000000000,1.458100000000
1446487963,341.470000000000,0.000900000000
1446487977,341.780000000000,1.000000000000
1446487992,341.570000000000,30.000000000000
1446488026,341.380000000000,3.652000000000
1446488048,341.650000000000,0.458500000000
1446488048,341.420000000000,1.501500000000
1446488051,341.810000000000,1.960000000000
1446488098,341.380000000000,1.000000000000
1446488217,341.620000000000,3.000000000000
1446488247,341.380000000000,0.500000000000
1446488279,341.380000000000,0.500000000000
1446488283,342.020000000000,10.000000000000
1446488283,342.020000000000,10.000000000000
1446488283,341.990000000000,5.000000000000
1446488283,342.000000000000,1.144700000000
1446488283,341.780000000000,53.510000000000
1446488286,342.020000000000,10.000000000000
1446488289,342.300000000000,10.000000000000
1446488289,342.220000000000,9.990000000000
1446488291,341.660000000000,1.960000000000
1446488291,341.660000000000,1.960000000000
1446488326,341.880000000000,0.170500000000
1446488434,342.750000000000,3.466000000000
1446488448,342.750000000000,3.990000000000
1446488455,342.750000000000,21.085900000000
1446488463,343.250000000000,1.960000000000
1446488606,342.940000000000,3.439000000000
1446488698,342.540000000000,4.405000000000
1446488722,342.640000000000,4.592000000000
1446488798,342.940000000000,4.155000000000
1446488799,343.140000000000,0.075000000000
1446488982,342.670000000000,2.000000000000
1446489091,343.000000000000,5.000000000000
1446489104,343.000000000000,0.050000000000
1446489125,343.000000000000,1.440000000000
1446489148,342.740000000000,5.000000000000
1446489207,342.620000000000,5.000000000000
1446489237,342.530000000000,5.000000000000
1446489252,342.440000000000,5.000000000000
1446489303,342.970000000000,5.000000000000
1446489314,342.530000000000,4.559000000000
1446489328,342.910000000000,5.000000000000
1446489346,342.800000000000,5.000000000000
1446489366,342.800000000000,5.000000000000
1446489411,343.000000000000,4.968100000000
1446489411,343.070000000000,0.031900000000
1446489426,343.070000000000,5.000000000000
1446489479,342.940000000000,5.000000000000
1446489522,342.950000000000,5.000000000000
1446489550,343.150000000000,5.000000000000
1446489602,343.090000000000,5.000000000000
1446489660,342.880000000000,5.000000000000
1446489684,342.860000000000,4.718000000000
1446489697,342.940000000000,3.106000000000
1446489719,343.110000000000,0.500000000000
1446489743,343.110000000000,5.000000000000
1446489781,342.750000000000,3.916000000000
1446489801,342.820000000000,5.000000000000
1446489841,342.670000000000,5.000000000000
1446489865,342.900000000000,1.130000000000
1446489879,342.810000000000,5.000000000000
1446489894,342.650000000000,5.000000000000
1446489945,342.620000000000,0.030000000000
1446489946,342.620000000000,0.030000000000
1446489946,342.630000000000,4.940000000000
1446489963,342.650000000000,2.540000000000
1446489992,342.650000000000,1.140000000000
1446490022,342.650000000000,2.720000000000
1446490055,342.650000000000,2.550000000000
1446490077,342.650000000000,1.050000000000
1446490108,342.650000000000,0.760000000000
1446490152,342.650000000000,0.290000000000
1446490168,342.650000000000,0.180000000000
1446490189,342.650000000000,1.300000000000
1446490198,342.650000000000,10.000000000000
1446490204,342.650000000000,5.000000000000
1446490212,342.650000000000,2.000000000000
1446490222,342.650000000000,3.120000000000
1446490231,342.650000000000,0.500000000000
1446490239,342.650000000000,0.200000000000
1446490287,342.650000000000,0.100000000000
1446490296,342.650000000000,0.990000000000
1446490314,342.650000000000,0.120000000000
1446490347,342.650000000000,0.050000000000
1446490355,342.650000000000,0.100000000000
1446490386,342.650000000000,10.000000000000
1446490470,342.650000000000,0.049000000000
1446490536,343.150000000000,3.673000000000
1446490551,343.150000000000,3.905000000000
1446490591,343.150000000000,2.422000000000
1446490608,343.250000000000,3.040000000000
1446490823,343.790000000000,4.542000000000
1446490831,343.910000000000,0.108400000000
1446490978,343.580000000000,3.505000000000
1446491030,344.000000000000,0.497200000000
1446491126,344.010000000000,3.356000000000
1446491132,344.010000000000,6.644000000000
1446491154,345.000000000000,0.100000000000
1446491154,345.000000000000,0.100000000000
1446491155,345.000000000000,1.760000000000
1446491215,345.000000000000,3.240000000000
1446491215,345.250000000000,5.000000000000
1446491229,345.320000000000,1.960000000000
1446491267,345.710000000000,9.510000000000
1446491267,345.730000000000,10.000000000000
1446491269,345.760000000000,5.000000000000
1446491304,346.000000000000,2.000000000000
1446491316,346.010000000000,1.236500000000
1446491324,346.010000000000,2.999500000000
1446491324,346.010000000000,2.000500000000
1446491381,345.900000000000,0.360000000000
1446491385,345.900000000000,0.002100000000
1446491390,345.570000000000,5.000000000000
1446491400,345.550000000000,5.000000000000
1446491411,345.450000000000,5.000000000000
1446491512,345.980000000000,10.000000000000
1446491518,346.300000000000,4.657000000000
1446491528,347.000000000000,2.000000000000
1446491558,347.000000000000,5.000000000000
1446491583,347.460000000000,10.000000000000
1446491633,348.000000000000,4.893000000000
1446491637,348.360000000000,0.005900000000
1446491640,348.560000000000,5.000000000000
1446491640,348.400000000000,0.502500000000
1446491734,348.490000000000,0.005700000000
1446491758,348.240000000000,4.988900000000
1446491758,348.550000000000,115.011100000000
1446491759,348.540000000000,100.000000000000
1446491766,348.390000000000,0.250000000000
1446491796,348.030000000000,105.869500000000
1446491796,347.750000000000,94.130500000000
1446491867,347.360000000000,0.415000000000
1446491868,347.260000000000,3.417000000000
1446491906,347.570000000000,83.379400000000
1446491906,347.580000000000,1.620600000000
1446491994,347.390000000000,10.000000000000
1446492025,347.230000000000,4.097000000000
1446492089,347.510000000000,4.649000000000
1446492102,347.370000000000,4.856000000000
1446492210,347.750000000000,10.000000000000
1446492268,347.830000000000,4.047000000000
1446492275,347.920000000000,3.226000000000
1446492282,347.920000000000,6.774000000000
1446492297,348.000000000000,10.000000000000
1446492297,348.000000000000,10.000000000000
1446492297,348.000000000000,10.000000000000
1446492297,348.000000000000,10.000000000000
1446492301,348.000000000000,3.104000000000
1446492351,348.010000000000,10.000000000000
1446492372,348.060000000000,1.960000000000
1446492430,347.180000000000,75.020000000000
1446492431,347.020000000000,97.309200000000
1446492431,347.160000000000,0.479100000000
1446492445,347.000000000000,27.191700000000
1446492452,347.610000000000,1.960000000000
1446492602,347.290000000000,30.400000000000
1446492646,347.420000000000,4.900000000000
1446492705,347.350000000000,0.503900000000
1446492833,347.350000000000,4.496100000000
1446492836,347.660000000000,7.970000000000
1446492837,347.720000000000,3.630000000000
1446492924,348.990000000000,3.626000000000
1446492926,348.990000000000,1.960000000000
1446492931,348.990000000000,10.000000000000
1446492932,348.990000000000,3.613200000000
1446492950,348.750000000000,10.000000000000
1446492954,348.690000000000,6.000000000000
1446493066,348.530000000000,26.786800000000
1446493187,348.360000000000,1.960000000000
1446493188,348.360000000000,1.960000000000
1446493284,348.230000000000,4.193000000000
1446493287,348.000000000000,91.617100000000
1446493345,347.860000000000,1.010000000000
1446493345,347.700000000000,30.400000000000
1446493381,347.600000000000,4.260000000000
1446493389,347.600000000000,3.332000000000
1446493390,347.600000000000,0.962100000000
1446493408,347.600000000000,0.200000000000
1446493415,347.600000000000,0.013900000000
1446493424,347.600000000000,0.120000000000
1446493431,347.600000000000,33.000400000000
1446493496,348.730000000000,0.694500000000
1446493526,348.010000000000,26.540000000000
1446493587,348.250000000000,0.159600000000
1446493646,348.460000000000,30.400000000000
1446493709,348.430000000000,3.112000000000
1446493715,348.390000000000,3.303000000000
1446493887,349.000000000000,0.500000000000
1446493887,349.000000000000,2.000000000000
1446493887,349.000000000000,0.880700000000
1446493904,349.190000000000,5.000000000000
1446493909,349.390000000000,1.960000000000
1446493910,349.390000000000,1.960000000000
1446493954,349.490000000000,5.000000000000
1446493965,349.800000000000,6.210100000000
1446493965,349.800000000000,3.789900000000
1446493965,349.800000000000,20.000000000000
1446493965,349.780000000000,80.000000000000
1446493971,350.000000000000,2.000000000000
1446493971,349.900000000000,0.500000000000
1446493972,350.000000000000,0.100000000000
1446493972,350.000000000000,0.100000000000
1446493980,349.860000000000,18.250000000000
1446494009,349.940000000000,3.914000000000
1446494016,350.220000000000,3.552000000000
1446494039,351.190000000000,1.146900000000
1446494062,351.490000000000,3.800000000000
1446494062,351.490000000000,1.200000000000
1446494063,351.500000000000,0.012000000000
1446494064,351.500000000000,0.488000000000
1446494078,352.000000000000,1.000000000000
1446494103,352.280000000000,0.503800000000
1446494111,352.300000000000,6.920000000000
1446494133,352.690000000000,0.318300000000
1446494140,352.690000000000,30.000000000000
1446494192,353.300000000000,20.000000000000
1446494199,354.000000000000,3.000000000000
1446494203,354.110000000000,0.477600000000
1446494229,353.800000000000,97.825300000000
1446494240,353.810000000000,80.000000000000
1446494242,353.800000000000,2.174700000000
1446494243,353.740000000000,20.000000000000
1446494248,353.310000000000,3.249000000000
1446494251,353.310000000000,4.081000000000
1446494256,353.370000000000,0.502400000000
1446494280,353.580000000000,3.211000000000
1446494294,353.060000000000,1.011600000000
1446494321,353.510000000000,1.011600000000
1446494348,353.970000000000,1.011600000000
1446494374,354.000000000000,5.000000000000
1446494374,354.000000000000,5.000000000000
1446494374,354.000000000000,5.000000000000
1446494374,354.000000000000,5.000000000000
1446494375,354.350000000000,10.000000000000
1446494375,354.350000000000,10.000000000000
1446494375,354.350000000000,10.000000000000
1446494375,354.000000000000,5.000000000000
1446494375,354.350000000000,10.000000000000
1446494375,354.350000000000,10.000000000000
1446494397,354.300000000000,25.000000000000
1446494432,355.000000000000,0.100000000000
1446494453,355.460000000000,0.005700000000
1446494463,355.470000000000,4.461000000000
1446494483,355.390000000000,4.906000000000
1446494484,355.890000000000,80.000000000000
1446494489,355.860000000000,1.000000000000
1446494489,356.120000000000,0.960000000000
1446494490,356.450000000000,0.441500000000
1446494490,356.210000000000,1.518500000000
1446494507,356.650000000000,1.011600000000
1446494522,356.830000000000,20.000000000000
1446494535,356.650000000000,1.011600000000
1446494545,357.000000000000,2.000000000000
1446494546,357.270000000000,10.000000000000
1446494557,357.490000000000,10.000000000000
1446494561,357.530000000000,1.011600000000
1446494563,357.530000000000,4.701000000000
1446494584,357.580000000000,3.900000000000
1446494602,358.000000000000,1.878000000000
1446494625,358.000000000000,0.820000000000
1446494638,358.450000000000,0.650000000000
1446494664,358.450000000000,0.003300000000
1446494678,358.000000000000,79.198800000000
1446494678,358.000000000000,20.801200000000
1446494688,358.020000000000,0.660000000000
1446494715,358.810000000000,5.000000000000
1446494772,359.000000000000,2.000000000000
1446494797,360.000000000000,0.100000000000
1446494810,360.360000000000,1.960000000000
1446494818,360.770000000000,1.960000000000
1446494818,360.400000000000,20.000000000000
1446494821,361.000000000000,1.000000000000
1446494839,361.400000000000,8.446700000000
1446494856,361.440000000000,3.921000000000
1446494863,361.690000000000,50.000000000000
1446494865,361.540000000000,30.000000000000
1446494883,361.930000000000,4.775000000000
1446494883,361.940000000000,0.851000000000
1446494888,361.820000000000,50.000000000000
1446494891,362.070000000000,15.960000000000
1446494892,361.650000000000,0.005500000000
1446494896,361.930000000000,10.000000000000
1446494954,360.160000000000,8.560000000000
1446494970,359.840000000000,0.575300000000
1446494970,359.850000000000,7.930000000000
1446494971,359.730000000000,7.830000000000
1446494976,359.310000000000,0.140000000000
1446494992,358.710000000000,4.732000000000
1446495010,358.880000000000,0.040000000000
1446495033,357.840000000000,20.542000000000
1446495033,357.840000000000,4.458000000000
1446495037,356.830000000000,20.000000000000
1446495042,356.820000000000,1.270000000000
1446495042,356.120000000000,25.000000000000
1446495048,355.090000000000,40.000000000000
1446495055,354.780000000000,4.903000000000
1446495055,354.780000000000,1.960000000000
1446495056,355.390000000000,1.960000000000
1446495056,354.680000000000,5.000000000000
1446495062,354.650000000000,25.000000000000
1446495072,354.470000000000,1.200000000000
1446495091,354.450000000000,3.645000000000
1446495094,354.160000000000,25.000000000000
1446495095,353.800000000000,1.600000000000
1446495097,354.660000000000,7.589300000000
1446495099,354.170000000000,0.602300000000
1446495099,354.180000000000,3.190000000000
1446495100,354.150000000000,15.710000000000
1446495123,353.300000000000,20.000000000000
1446495142,353.270000000000,0.020000000000
1446495151,353.160000000000,0.110000000000
1446495177,352.810000000000,4.133000000000
1446495178,352.570000000000,1.960000000000
1446495185,352.250000000000,1.960000000000
1446495190,352.660000000000,0.010000000000
1446495212,351.630000000000,0.010000000000
1446495213,352.000000000000,2.700000000000
1446495213,352.270000000000,2.300000000000
1446495222,352.090000000000,5.000000000000
1446495232,352.360000000000,5.000000000000
1446495236,352.000000000000,30.000000000000
1446495236,352.010000000000,5.110000000000
1446495263,352.360000000000,80.000000000000
1446495263,352.000000000000,10.000000000000
1446495278,353.000000000000,3.900000000000
1446495278,353.060000000000,0.677000000000
1446495342,353.520000000000,30.000000000000
1446495402,353.970000000000,0.695400000000
1446495412,354.300000000000,30.000000000000
1446495506,354.390000000000,10.528100000000
1446495506,354.390000000000,10.000000000000
1446495513,354.450000000000,3.510900000000
1446495528,354.390000000000,0.893700000000
1446495630,356.090000000000,30.000000000000
1446495686,355.900000000000,1.350000000000
1446495686,355.810000000000,80.000000000000
1446495846,355.500000000000,0.880000000000
1446495917,355.160000000000,0.080000000000
1446496005,353.470000000000,0.949600000000
1446496070,354.100000000000,5.000000000000
1446496102,353.360000000000,1.641300000000
1446496164,354.020000000000,8.000000000000
1446496165,354.030000000000,60.133900000000
1446496165,354.030000000000,19.866100000000
1446496288,353.860000000000,5.000000000000
1446496331,354.200000000000,0.246000000000
1446496331,354.190000000000,2.034000000000
1446496347,354.200000000000,5.000000000000
1446496355,354.170000000000,4.515000000000
1446496363,354.340000000000,2.110000000000
1446496379,354.010000000000,4.465000000000
1446496379,354.000000000000,85.300000000000
1446496388,353.710000000000,5.000000000000
1446496405,354.330000000000,5.000000000000
1446496533,354.000000000000,0.464000000000
1446496569,353.750000000000,3.950000000000
1446496590,353.520000000000,5.000000000000
1446496630,353.240000000000,0.010000000000
1446496677,352.270000000000,1.486400000000
1446496687,353.050000000000,3.462000000000
1446496713,352.520000000000,10.000000000000
1446496841,352.470000000000,9.997500000000
1446496841,352.640000000000,0.002500000000
1446496926,352.080000000000,2.050000000000
1446496938,351.810000000000,4.760000000000
1446496966,351.560000000000,2.390000000000
1446496968,351.550000000000,4.030000000000
1446496981,351.580000000000,0.050000000000
1446496983,351.550000000000,0.970000000000
1446497003,351.320000000000,1.433000000000
1446497003,351.330000000000,3.567000000000
1446497039,351.160000000000,0.531000000000
1446497039,351.180000000000,9.000000000000
1446497040,350.640000000000,30.000000000000
1446497046,351.380000000000,4.271000000000
1446497072,350.830000000000,0.185800000000
1446497103,351.000000000000,0.110000000000
1446497129,350.420000000000,4.065000000000
1446497134,350.770000000000,0.050000000000
1446497209,350.990000000000,2.980000000000
1446497242,350.830000000000,2.520000000000
1446497259,350.800000000000,1.310000000000
1446497264,350.780000000000,5.000000000000
1446497319,351.490000000000,3.013000000000
1446497328,351.250000000000,69.148800000000
1446497328,351.250000000000,13.924800000000
1446497338,351.700000000000,1.030000000000
1446497370,352.080000000000,3.597000000000
1446497411,352.270000000000,4.848000000000
1446497487,352.360000000000,0.080000000000
1446497497,352.250000000000,0.300000000000
1446497511,351.810000000000,0.300000000000
1446497532,352.250000000000,3.627000000000
1446497547,352.210000000000,0.140000000000
1446497548,352.210000000000,4.408000000000
1446497551,352.310000000000,0.300000000000
1446497615,352.350000000000,4.686000000000
1446497687,351.660000000000,0.588300000000
1446497696,351.780000000000,0.686000000000
1446497707,351.750000000000,0.669600000000
1446497708,351.870000000000,0.515700000000
1446497746,351.870000000000,0.652700000000
1446497754,351.870000000000,0.513100000000
1446497789,351.610000000000,0.271300000000
1446497790,351.620000000000,0.699600000000
1446497790,351.610000000000,0.610200000000
1446497862,351.640000000000,3.236000000000
1446497863,351.640000000000,13.372300000000
1446497863,351.600000000000,14.449900000000
1446497867,351.750000000000,1.960000000000
1446497870,351.750000000000,1.960000000000
1446497873,351.720000000000,1.960000000000
1446497873,351.720000000000,4.653000000000
1446497873,351.720000000000,16.745600000000
1446497880,351.730000000000,6.963500000000
1446497880,351.730000000000,4.483000000000
1446497887,352.000000000000,3.750000000000
1446497887,351.740000000000,0.382000000000
1446497887,351.750000000000,1.080000000000
1446497889,352.130000000000,22.026200000000
1446497889,352.020000000000,3.047000000000
1446497906,352.300000000000,4.552000000000
1446497929,352.300000000000,2.352000000000
1446497996,352.770000000000,0.861500000000
1446497997,352.830000000000,3.354500000000
1446498051,352.980000000000,3.525000000000
1446498060,353.010000000000,0.263500000000
1446498061,353.110000000000,24.736500000000
1446498083,353.220000000000,0.576200000000
1446498084,353.240000000000,0.712300000000
1446498087,353.320000000000,0.492000000000
1446498094,353.480000000000,0.686600000000
1446498101,353.560000000000,0.595500000000
1446498110,353.920000000000,0.349800000000
1446498116,354.020000000000,4.238000000000
1446498206,354.110000000000,4.484000000000
1446498207,353.870000000000,4.462000000000
1446498207,354.100000000000,60.000000000000
1446498207,354.100000000000,3.000000000000
1446498239,354.080000000000,4.455000000000
1446498240,354.090000000000,25.545000000000
1446498263,354.500000000000,4.849000000000
1446498337,354.960000000000,1.121900000000
1446498338,354.950000000000,1.960000000000
1446498338,354.780000000000,1.960000000000
1446498344,354.830000000000,1.960000000000
1446498532,355.330000000000,100.000000000000
1446498573,355.370000000000,25.000000000000
1446498582,355.240000000000,30.000000000000
1446498617,355.290000000000,5.000000000000
1446498637,355.190000000000,5.000000000000
1446498651,355.170000000000,5.000000000000
1446498659,355.000000000000,5.000000000000
1446498665,355.390000000000,3.000000000000
1446498671,355.400000000000,5.000000000000
1446498805,354.830000000000,1.960000000000
1446498812,354.690000000000,33.540000000000
1446498818,355.450000000000,1.960000000000
1446498819,355.450000000000,1.960000000000
1446498872,354.610000000000,61.000000000000
1446498912,355.200000000000,3.486000000000
1446498928,355.330000000000,0.491900000000
1446498929,355.500000000000,3.920000000000
1446498929,355.450000000000,1.080000000000
1446498929,355.090000000000,1.468100000000
1446498937,354.420000000000,5.000000000000
1446498944,354.580000000000,5.000000000000
1446498951,354.700000000000,5.000000000000
1446498958,354.790000000000,5.000000000000
1446498966,354.970000000000,5.000000000000
1446498983,354.610000000000,5.000000000000
1446498991,354.820000000000,5.000000000000
1446498999,354.720000000000,5.000000000000
1446499007,354.950000000000,5.000000000000
1446499014,354.890000000000,5.000000000000
1446499022,355.000000000000,5.000000000000
1446499029,354.990000000000,5.000000000000
1446499046,355.500000000000,20.200000000000
1446499049,355.500000000000,10.000000000000
1446499068,355.700000000000,5.000000000000
1446499075,355.700000000000,5.000000000000
1446499086,355.700000000000,5.000000000000
1446499102,356.060000000000,5.000000000000
1446499114,355.790000000000,5.000000000000
1446499118,355.790000000000,5.000000000000
1446499124,355.800000000000,5.000000000000
1446499131,356.060000000000,1.640000000000
1446499132,356.020000000000,1.960000000000
1446499133,355.780000000000,1.960000000000
1446499141,356.060000000000,5.000000000000
1446499147,356.060000000000,0.110000000000
1446499185,355.750000000000,0.050000000000
1446499227,356.060000000000,1.540000000000
1446499232,356.060000000000,1.320000000000
1446499237,356.060000000000,0.174000000000
1446499240,356.060000000000,0.076000000000
1446499240,356.060000000000,10.140000000000
1446499249,356.560000000000,10.000000000000
1446499251,356.720000000000,70.259700000000
1446499259,356.600000000000,2.459000000000
1446499294,356.600000000000,27.285000000000
1446499357,356.640000000000,1.280000000000
1446499359,356.640000000000,1.065000000000
1446499450,356.830000000000,20.000000000000
1446499504,356.910000000000,11.369000000000
1446499727,357.870000000000,9.750000000000
1446499780,357.740000000000,0.400000000000
1446499780,357.740000000000,1.369000000000
1446499797,358.490000000000,10.000000000000
1446499800,358.990000000000,30.000000000000
1446499837,359.200000000000,0.751100000000
1446499852,359.750000000000,1.960000000000
1446499853,359.790000000000,1.960000000000
1446499864,360.400000000000,20.000000000000
1446499868,362.230000000000,5.000000000000
1446499868,360.560000000000,25.000000000000
1446499880,360.510000000000,80.000000000000
1446499888,361.460000000000,4.202000000000
1446499889,361.740000000000,4.405000000000
1446499895,361.550000000000,3.972000000000
1446499898,361.640000000000,3.521000000000
1446499904,361.660000000000,3.348000000000
1446499911,362.020000000000,60.590000000000
1446499921,361.990000000000,1.915000000000
1446499921,362.410000000000,3.813000000000
1446499921,362.250000000000,3.085000000000
1446499924,362.750000000000,5.000000000000
1446499927,362.750000000000,69.479200000000
1446499927,362.750000000000,5.520800000000
1446499935,362.890000000000,10.000000000000
1446499959,363.460000000000,4.373000000000
1446499963,363.450000000000,0.627000000000
1446499965,363.660000000000,3.020000000000
1446499982,363.450000000000,1.960000000000
1446500028,364.000000000000,1.000000000000
1446500028,364.010000000000,3.099000000000
1446500037,364.010000000000,16.901000000000
1446500042,364.670000000000,5.000000000000
1446500046,364.450000000000,4.307000000000
1446500069,364.790000000000,1.350000000000
1446500070,365.250000000000,5.000000000000
1446500082,365.200000000000,4.328000000000
1446500086,366.000000000000,2.400000000000
1446500094,366.630000000000,0.620000000000
1446500100,367.380000000000,5.000000000000
1446500100,366.910000000000,4.790500000000
1446500102,365.860000000000,20.902000000000
1446500102,365.860000000000,4.098000000000
1446500108,366.090000000000,4.320000000000
1446500111,366.410000000000,25.000000000000
1446500127,367.650000000000,20.000000000000
1446500135,366.720000000000,1.960000000000
1446500136,366.430000000000,5.000000000000
1446500143,367.860000000000,30.000000000000
1446500149,367.610000000000,5.000000000000
1446500155,367.250000000000,4.296000000000
1446500161,367.620000000000,4.338000000000
1446500164,367.200000000000,0.040000000000
1446500166,367.160000000000,80.000000000000
1446500185,366.110000000000,9.975500000000
1446500259,366.200000000000,30.000000000000
1446500259,366.360000000000,152.000000000000
1446500264,365.550000000000,4.303000000000
1446500285,365.540000000000,3.058000000000
1446500290,365.390000000000,4.505000000000
1446500309,365.240000000000,3.222000000000
1446500340,364.010000000000,16.901000000000
1446500342,364.010000000000,11.119000000000
1446500345,364.010000000000,1.980000000000
1446500346,364.010000000000,4.875000000000
1446500366,364.010000000000,4.716000000000
1446500370,364.010000000000,3.246000000000
1446500371,364.010000000000,5.183000000000
1446500377,363.310000000000,0.940000000000
1446500378,362.860000000000,15.920000000000
1446500381,362.820000000000,0.227000000000
1446500382,362.560000000000,25.000000000000
1446500384,362.330000000000,5.000000000000
1446500389,361.850000000000,4.035000000000
1446500393,361.870000000000,11.870000000000
1446500393,362.070000000000,5.000000000000
1446500399,362.040000000000,5.000000000000
1446500400,361.730000000000,0.106000000000
1446500405,362.020000000000,5.000000000000
1446500406,361.730000000000,0.393600000000
1446500419,361.630000000000,60.000000000000
1446500422,362.020000000000,4.894000000000
1446500422,361.730000000000,0.106000000000
1446500432,361.890000000000,5.000000000000
1446500439,361.630000000000,3.432500000000
1446500440,361.880000000000,1.567500000000
1446500447,361.870000000000,4.413000000000
1446500447,361.880000000000,0.587000000000
1446500454,362.160000000000,5.000000000000
1446500461,361.600000000000,3.435200000000
1446500462,362.230000000000,5.000000000000
1446500468,362.340000000000,0.970500000000
1446500469,362.340000000000,5.000000000000
1446500471,361.700000000000,0.060000000000
1446500480,361.680000000000,3.375200000000
1446500485,362.530000000000,5.000000000000
1446500491,361.980000000000,3.435200000000
1446500491,362.470000000000,1.564800000000
1446500496,362.520000000000,5.000000000000
1446500499,361.900000000000,3.435200000000
1446500501,362.440000000000,0.593000000000
1446500501,362.440000000000,4.580000000000
1446500501,362.430000000000,4.407000000000
1446500507,362.790000000000,5.000000000000
1446500508,362.320000000000,3.157700000000
1446500514,362.770000000000,4.393000000000
1446500515,362.790000000000,0.607000000000
1446500519,362.210000000000,3.982000000000
1446500521,362.790000000000,5.000000000000
1446500528,362.460000000000,5.000000000000
1446500545,362.560000000000,5.000000000000
1446500564,361.910000000000,3.475000000000
1446500578,362.340000000000,1.449000000000
1446500578,361.910000000000,3.551000000000
1446500603,362.640000000000,5.000000000000
1446500624,362.610000000000,5.000000000000
1446500641,362.820000000000,0.227000000000
1446500642,362.980000000000,4.386000000000
1446500642,363.000000000000,0.387000000000
1446500649,362.760000000000,5.000000000000
1446500657,362.850000000000,5.000000000000
1446500669,363.040000000000,5.000000000000
1446500675,362.440000000000,1.817000000000
1446500676,362.680000000000,3.183000000000
1446500680,362.670000000000,5.000000000000
1446500687,362.540000000000,5.000000000000
1446500695,363.020000000000,0.820000000000
1446500708,363.420000000000,5.000000000000
1446500722,363.240000000000,5.000000000000
1446500724,362.850000000000,0.013600000000
1446500730,362.810000000000,0.575000000000
1446500730,362.830000000000,1.275000000000
1446500741,362.830000000000,2.695100000000
1446500755,363.000000000000,1.423000000000
1446500755,362.900000000000,3.577000000000
1446500766,363.000000000000,18.577000000000
1446500782,363.790000000000,5.000000000000
1446500808,364.010000000000,9.336000000000
1446500808,364.010000000000,4.665000000000
1446500808,364.010000000000,0.658000000000
1446500808,364.010000000000,9.299000000000
1446500808,364.010000000000,0.100000000000
1446500820,364.530000000000,0.631000000000
1446500820,364.620000000000,4.369000000000
1446500825,364.710000000000,5.000000000000
1446500826,364.760000000000,0.100000000000
1446500831,365.150000000000,0.732600000000
1446500842,365.240000000000,1.096000000000
1446500844,365.240000000000,1.863000000000
1446500845,365.360000000000,5.000000000000
1446500851,364.760000000000,5.000000000000
1446500857,364.810000000000,5.000000000000
1446500865,364.890000000000,5.000000000000
1446500868,364.840000000000,4.340000000000
1446500870,364.900000000000,0.127900000000
1446500870,364.350000000000,5.000000000000
1446500877,364.370000000000,5.000000000000
1446500882,364.040000000000,5.000000000000
1446500884,364.010000000000,1.500000000000
1446500889,363.260000000000,5.000000000000
1446500897,363.830000000000,5.000000000000
1446500904,364.040000000000,4.378000000000
1446500904,364.030000000000,0.622000000000
1446500919,363.720000000000,5.000000000000
1446500925,363.590000000000,5.000000000000
1446500932,363.720000000000,5.000000000000
1446500938,363.870000000000,5.000000000000
1446500944,364.240000000000,5.000000000000
1446500950,364.360000000000,5.000000000000
1446500963,364.170000000000,5.000000000000
1446500970,363.600000000000,5.000000000000
1446500978,363.560000000000,5.000000000000
1446500986,363.770000000000,5.000000000000
1446500993,363.600000000000,5.000000000000
1446501001,363.400000000000,5.000000000000
1446501009,363.210000000000,5.000000000000
1446501023,363.190000000000,5.000000000000
1446501029,363.220000000000,5.000000000000
1446501033,363.090000000000,0.570000000000
1446501053,363.280000000000,4.381000000000
1446501105,363.450000000000,61.180000000000
1446501168,363.180000000000,5.000000000000
1446501176,363.020000000000,5.000000000000
1446501182,362.570000000000,3.396000000000
1446501186,362.960000000000,5.000000000000
1446501210,363.050000000000,5.000000000000
1446501214,362.570000000000,1.500000000000
1446501229,362.950000000000,5.000000000000
1446501235,363.150000000000,5.000000000000
1446501239,363.070000000000,16.996400000000
1446501242,363.120000000000,5.000000000000
1446501243,363.060000000000,18.167400000000
1446501250,362.980000000000,5.000000000000
1446501267,363.050000000000,5.000000000000
1446501267,363.050000000000,1.960000000000
1446501268,363.220000000000,1.960000000000
1446501275,363.220000000000,5.000000000000
1446501282,363.700000000000,5.000000000000
1446501292,363.920000000000,5.000000000000
1446501296,363.950000000000,24.950800000000
1446501302,364.110000000000,5.000000000000
1446501310,363.990000000000,5.000000000000
1446501324,363.790000000000,16.000000000000
1446501324,364.300000000000,5.000000000000
1446501335,364.220000000000,5.000000000000
1446501343,364.170000000000,2.837500000000
1446501344,364.100000000000,1.136500000000
1446501345,364.290000000000,5.000000000000
1446501345,364.100000000000,1.960000000000
1446501351,364.160000000000,19.547900000000
1446501356,364.220000000000,5.000000000000
1446501367,364.180000000000,5.000000000000
1446501373,364.200000000000,5.000000000000
1446501387,363.970000000000,4.357000000000
1446501388,363.990000000000,0.643000000000
1446501395,363.990000000000,5.000000000000
1446501401,364.130000000000,5.000000000000
1446501409,364.090000000000,5.000000000000
1446501415,364.150000000000,5.000000000000
1446501420,364.160000000000,5.000000000000
1446501427,364.090000000000,5.000000000000
1446501431,364.080000000000,5.000000000000
1446501439,364.160000000000,5.000000000000
1446501451,364.240000000000,1.000000000000
1446501467,364.230000000000,0.160000000000
1446501525,363.650000000000,5.000000000000
1446501533,363.770000000000,1.490000000000
1446501664,363.530000000000,9.840000000000
1446501812,363.800000000000,4.327000000000
1446501898,363.320000000000,0.030000000000
1446502196,363.150000000000,0.512600000000
1446502203,362.790000000000,3.105000000000
1446502254,362.020000000000,1.960000000000
1446502262,362.120000000000,4.363000000000
1446502262,362.130000000000,13.403500000000
1446502262,362.020000000000,22.004200000000
1446502269,362.110000000000,16.758400000000
1446502352,361.190000000000,10.199200000000
1446502352,361.260000000000,11.552500000000
1446502403,361.000000000000,2.500000000000
1446502429,360.400000000000,20.000000000000
1446502472,360.100000000000,16.813100000000
1446502511,360.650000000000,4.363000000000
1446502528,360.370000000000,3.181000000000
1446502530,360.590000000000,5.000000000000
1446502537,360.700000000000,5.000000000000
1446502537,360.590000000000,1.531000000000
1446502544,360.410000000000,20.604800000000
1446502544,361.100000000000,5.000000000000
1446502560,360.980000000000,3.932000000000
1446502582,360.870000000000,0.500000000000
1446502582,360.620000000000,5.000000000000
1446502586,362.090000000000,2.080000000000
1446502604,362.100000000000,0.716300000000
1446502604,362.110000000000,29.683700000000
1446502658,362.110000000000,4.347000000000
1446502682,362.580000000000,0.500000000000
1446502712,363.240000000000,0.500000000000
1446502732,363.410000000000,5.000000000000
1446502742,363.480000000000,0.500000000000
1446502781,363.480000000000,0.464900000000
1446502781,363.600000000000,0.932300000000
1446502792,363.710000000000,4.337000000000
1446502793,363.700000000000,0.663000000000
1446502799,364.010000000000,20.000000000000
1446502807,363.990000000000,5.000000000000
1446502831,363.490000000000,5.000000000000
1446502839,363.700000000000,4.375000000000
1446502840,363.690000000000,0.625000000000
1446502852,363.730000000000,5.000000000000
1446503010,364.060000000000,4.381000000000
1446503039,364.350000000000,0.051900000000
1446503067,364.470000000000,1.233800000000
1446503217,364.650000000000,4.318000000000
1446503260,364.230000000000,32.000000000000
1446503262,364.100000000000,34.869000000000
1446503285,363.600000000000,25.000000000000
1446503315,363.780000000000,1.960000000000
1446503315,363.780000000000,1.960000000000
1446503322,363.780000000000,0.376000000000
1446503351,362.570000000000,4.373000000000
1446503366,362.120000000000,0.585200000000
1446503366,362.030000000000,25.000000000000
1446503366,362.530000000000,4.352000000000
1446503373,362.130000000000,4.350000000000
1446503411,361.600000000000,0.100000000000
1446503485,361.260000000000,4.393000000000
1446503486,361.280000000000,0.607000000000
1446503499,361.450000000000,0.170000000000
1446503500,361.970000000000,0.170000000000
1446503589,362.870000000000,4.107000000000
1446503613,362.360000000000,5.000000000000
1446503614,362.850000000000,1.960000000000
1446503614,362.060000000000,1.960000000000
1446503628,362.090000000000,5.000000000000
1446503643,362.040000000000,5.000000000000
1446503652,362.320000000000,0.040000000000
1446503674,361.980000000000,0.545900000000
1446503675,362.420000000000,0.004100000000
1446503688,362.720000000000,5.000000000000
1446503690,362.380000000000,3.477000000000
1446503695,362.090000000000,30.400000000000
1446503872,363.250000000000,30.000000000000
1446503873,363.250000000000,30.000000000000
1446503873,363.250000000000,7.355900000000
1446503873,363.250000000000,30.000000000000
1446503873,363.250000000000,30.000000000000
1446503873,363.250000000000,11.559500000000
1446503873,363.250000000000,18.440500000000
1446503874,363.250000000000,22.644100000000
1446503874,363.250000000000,30.000000000000
1446503876,363.250000000000,22.483200000000
1446503876,363.250000000000,7.516800000000
1446503879,363.250000000000,16.000000000000
1446503879,363.250000000000,30.000000000000
1446503890,363.310000000000,3.357000000000
1446503894,363.920000000000,5.000000000000
1446503903,363.550000000000,4.650000000000
1446503932,363.550000000000,4.694000000000
1446503945,363.690000000000,4.708000000000
1446503950,363.670000000000,3.348000000000
1446503963,363.570000000000,0.710400000000
1446503964,363.570000000000,4.083000000000
1446503970,363.350000000000,3.926000000000
1446503990,363.290000000000,4.885000000000
1446504104,363.070000000000,5.000000000000
1446504134,363.680000000000,1.150000000000
1446504159,364.050000000000,3.515000000000
1446504160,364.190000000000,5.000000000000
1446504188,364.210000000000,30.400000000000
1446504205,363.680000000000,3.785000000000
1446504213,363.880000000000,4.335000000000
1446504229,363.700000000000,4.421000000000
1446504268,363.710000000000,0.940000000000
1446504398,363.830000000000,30.400000000000
1446504688,363.010000000000,30.400000000000
1446504848,363.410000000000,25.000000000000
1446505031,364.410000000000,1.148900000000
1446505070,364.560000000000,4.677000000000
1446505077,364.560000000000,4.773000000000
1446505133,364.640000000000,10.000000000000
1446505163,364.500000000000,20.400000000000
1446505170,364.370000000000,3.610000000000
1446505224,364.360000000000,3.543000000000
1446505276,365.060000000000,4.110000000000
1446505300,365.790000000000,3.191000000000
1446505303,365.810000000000,1.435700000000
1446505313,365.820000000000,4.330000000000
1446505325,365.530000000000,4.353000000000
1446505326,365.510000000000,0.647000000000
1446505343,365.510000000000,4.750000000000
1446505351,365.790000000000,3.003000000000
1446505358,365.580000000000,3.952000000000
1446505373,365.800000000000,3.643000000000
1446505404,365.510000000000,5.000000000000
1446505412,366.030000000000,4.429000000000
1446505413,366.020000000000,4.187000000000
1446505427,366.030000000000,5.000000000000
1446505462,366.070000000000,5.000000000000
1446505480,367.300000000000,5.000000000000
1446505480,367.250000000000,20.000000000000
1446505535,367.050000000000,65.886600000000
1446505536,366.720000000000,34.113400000000
1446505550,367.390000000000,1.960000000000
1446505551,367.630000000000,1.960000000000
1446505551,367.650000000000,20.000000000000
1446505558,367.910000000000,2.577100000000
1446505561,367.910000000000,0.000900000000
1446505564,367.730000000000,30.400000000000
1446505582,367.610000000000,4.062000000000
1446505593,368.450000000000,1.830000000000
1446505595,368.880000000000,0.005500000000
1446505596,369.000000000000,1.954500000000
1446505607,369.000000000000,0.565500000000
1446505610,369.170000000000,0.394500000000
1446505610,369.000000000000,1.000000000000
1446505611,369.410000000000,117.960200000000
1446505619,369.500000000000,2.798300000000
1446505624,369.500000000000,0.960000000000
1446505654,369.570000000000,45.000000000000
1446505654,369.570000000000,15.400000000000
1446505654,369.580000000000,15.000000000000
1446505659,369.650000000000,1.960000000000
1446505660,369.650000000000,1.960000000000
1446505661,369.570000000000,0.005400000000
1446505661,369.480000000000,1.164600000000
1446505717,367.720000000000,4.307000000000
1446505720,367.650000000000,0.543000000000
1446505747,367.350000000000,4.335000000000
1446505785,367.610000000000,4.325000000000
1446505799,367.780000000000,4.327000000000
1446505824,367.390000000000,5.000000000000
1446505863,367.610000000000,0.432000000000
1446505871,367.400000000000,0.254000000000
1446505893,368.170000000000,1.960000000000
1446505947,367.400000000000,4.301000000000
1446505962,366.910000000000,1.960000000000
1446505967,366.910000000000,3.027000000000
1446505989,366.250000000000,4.296000000000
1446506018,366.510000000000,1.960000000000
1446506019,366.590000000000,1.960000000000
1446506019,366.350000000000,3.053000000000
1446506027,366.210000000000,0.500000000000
1446506033,367.460000000000,4.344000000000
1446506033,367.270000000000,9.290000000000
1446506040,368.090000000000,59.696100000000
1446506040,368.090000000000,4.291000000000
1446506040,367.340000000000,0.303900000000
1446506047,367.890000000000,4.294000000000
1446506048,367.290000000000,4.304000000000
1446506087,367.680000000000,0.500000000000
1446506096,367.680000000000,3.808000000000
1446506137,367.710000000000,4.274000000000
1446506175,367.410000000000,4.279000000000
1446506188,367.350000000000,1.960000000000
1446506188,367.350000000000,1.960000000000
1446506200,367.220000000000,40.000000000000
1446506207,366.630000000000,40.000000000000
1446506232,366.550000000000,4.335000000000
1446506256,366.250000000000,4.330000000000
1446506271,366.290000000000,5.000000000000
1446506313,365.410000000000,4.337000000000
1446506346,365.180000000000,4.819000000000
1446506350,365.060000000000,5.000000000000
1446506372,364.490000000000,1.083400000000
1446506387,364.300000000000,4.320000000000
1446506388,364.850000000000,1.960000000000
1446506394,364.670000000000,1.960000000000
1446506395,364.670000000000,1.960000000000
1446506407,364.200000000000,4.314000000000
1446506408,364.150000000000,4.340000000000
1446506423,364.010000000000,20.000000000000
1446506423,364.020000000000,4.335000000000
1446506485,361.950000000000,1.960000000000
1446506529,362.190000000000,4.377000000000
1446506559,361.300000000000,4.401000000000
1446506566,361.510000000000,1.960000000000
1446506580,361.640000000000,4.350000000000
1446506581,361.740000000000,40.000000000000
1446506605,362.180000000000,4.263000000000
1446506620,362.130000000000,4.035000000000
1446506636,362.130000000000,1.257500000000
1446506642,361.700000000000,1.960000000000
1446506642,361.700000000000,1.960000000000
1446506648,361.610000000000,1.960000000000
1446506675,361.680000000000,2.962000000000
1446506693,361.740000000000,5.000000000000
1446506693,361.700000000000,2.000000000000
1446506728,362.600000000000,5.000000000000
1446506736,362.480000000000,5.000000000000
1446506752,362.200000000000,0.655000000000
1446506752,362.180000000000,4.345000000000
1446506755,361.790000000000,4.350000000000
1446506790,362.750000000000,5.000000000000
1446506799,362.260000000000,4.358000000000
1446506808,362.130000000000,4.155000000000
1446506808,362.130000000000,5.000000000000
1446506815,362.010000000000,3.536000000000
1446506830,362.610000000000,4.471000000000
1446506867,362.630000000000,4.646000000000
1446506867,362.500000000000,4.358000000000
1446506868,362.490000000000,40.000000000000
1446506871,362.070000000000,60.000000000000
1446506874,362.320000000000,4.668000000000
1446506875,362.390000000000,4.315000000000
1446506881,363.490000000000,1.960000000000
1446506882,363.490000000000,1.960000000000
1446506889,363.380000000000,1.960000000000
1446506921,362.980000000000,1.960000000000
1446506929,362.980000000000,0.050000000000
1446506936,362.680000000000,1.960000000000
1446506941,362.790000000000,1.960000000000
1446506944,362.970000000000,4.371000000000
1446506944,362.990000000000,55.629000000000
1446507001,362.990000000000,0.669000000000
1446507001,362.970000000000,4.331000000000
1446507008,362.990000000000,3.702000000000
1446507009,363.160000000000,5.000000000000
1446507022,363.000000000000,9.998000000000
1446507030,363.080000000000,3.680000000000
1446507046,363.120000000000,5.000000000000
1446507062,363.380000000000,5.000000000000
1446507071,363.360000000000,5.000000000000
1446507092,363.280000000000,5.000000000000
1446507099,363.390000000000,5.000000000000
1446507106,363.770000000000,5.000000000000
1446507129,363.120000000000,10.479100000000
1446507129,363.790000000000,65.185900000000
1446507129,363.130000000000,4.335000000000
1446507143,364.260000000000,4.200000000000
1446507182,364.500000000000,4.825900000000
1446507182,364.400000000000,0.174100000000
1446507207,364.500000000000,5.000000000000
1446507226,364.500000000000,0.170000000000
1446507244,364.500000000000,4.995900000000
1446507244,364.500000000000,0.004100000000
1446507251,364.500000000000,5.000000000000
1446507264,364.500000000000,10.000000000000
1446507264,364.500000000000,0.004100000000
1446507265,365.330000000000,0.590000000000
1446507273,365.390000000000,0.227100000000
1446507274,365.440000000000,2.212900000000
1446507295,364.890000000000,3.851000000000
1446507296,365.410000000000,4.620000000000
1446507337,365.590000000000,0.040000000000
1446507412,366.210000000000,5.000000000000
1446507467,366.060000000000,5.000000000000
1446507589,365.660000000000,2.000000000000
1446507589,365.640000000000,2.125000000000
1446507665,365.330000000000,2.330000000000
1446507665,365.000000000000,3.000000000000
1446507689,364.840000000000,4.357000000000
1446507716,364.640000000000,4.159000000000
1446507757,364.010000000000,0.964000000000
1446507824,363.110000000000,4.355000000000
1446507826,363.080000000000,4.380000000000
1446507827,362.680000000000,4.373000000000
1446507827,362.610000000000,1.960000000000
1446507834,362.390000000000,1.117200000000
1446507849,362.310000000000,4.361000000000
1446507850,362.320000000000,4.639000000000
1446507911,363.110000000000,4.377000000000
1446507923,363.120000000000,4.364000000000
1446508059,364.040000000000,1.000000000000
1446508083,364.020000000000,1.000000000000
1446508231,363.400000000000,0.880000000000
1446508233,363.330000000000,2.000000000000
1446508243,363.190000000000,4.335000000000
1446508265,363.440000000000,3.500000000000
1446508265,363.900000000000,10.000000000000
1446508315,363.600000000000,4.137000000000
1446508322,363.640000000000,3.048000000000
1446508347,362.940000000000,0.590000000000
1446508351,362.770000000000,4.330000000000
1446508432,363.090000000000,4.338000000000
1446508680,363.820000000000,1.960000000000
1446508688,363.890000000000,3.700000000000
1446508688,363.890000000000,10.116400000000
1446508689,363.600000000000,7.835200000000
1446508689,363.820000000000,10.253400000000
1446508689,363.600000000000,13.209900000000
1446508689,363.640000000000,10.273100000000
1446508689,363.640000000000,5.857800000000
1446508689,363.500000000000,10.603600000000
1446508689,363.820000000000,6.210600000000
1446508690,363.500000000000,6.341800000000
1446508690,363.160000000000,4.377000000000
1446508697,363.920000000000,11.662600000000
1446508744,363.330000000000,1.960000000000
1446508751,363.330000000000,1.960000000000
1446508762,363.420000000000,1.960000000000
1446508779,363.100000000000,1.975600000000
1446508779,363.050000000000,4.378000000000
1446508780,363.030000000000,10.000000000000
1446508815,363.440000000000,4.382000000000
1446508868,363.360000000000,4.293000000000
1446508888,363.480000000000,3.317000000000
1446508904,363.590000000000,31.000000000000
1446508912,363.410000000000,4.492000000000
1446508954,364.000000000000,5.500000000000
1446509126,364.690000000000,0.298500000000
1446509133,365.170000000000,4.350000000000
1446509140,365.270000000000,3.284000000000
1446509187,365.140000000000,31.000000000000
1446509222,365.030000000000,3.949000000000
1446509433,363.400000000000,0.854300000000
1446509433,363.040000000000,1.105700000000
1446509436,363.040000000000,1.960000000000
1446509461,363.570000000000,4.379000000000
1446509471,362.740000000000,1.960000000000
1446509521,363.380000000000,4.356000000000
1446509548,364.300000000000,1.960000000000
1446509548,364.300000000000,1.960000000000
1446509555,364.310000000000,1.960000000000
1446509613,364.110000000000,1.960000000000
1446509614,364.110000000000,4.055000000000
1446509614,364.110000000000,1.960000000000
1446509620,364.110000000000,1.960000000000
1446509674,364.070000000000,3.351000000000
1446509679,364.030000000000,14.311000000000
1446509691,363.890000000000,4.038000000000
1446509700,363.780000000000,4.169000000000
1446509706,363.790000000000,3.600000000000
1446509789,362.330000000000,0.988700000000
1446509816,362.050000000000,0.800000000000
1446509891,361.720000000000,0.160000000000
1446509899,361.530000000000,4.330000000000
1446509913,361.720000000000,4.220000000000
1446510049,362.420000000000,3.407000000000
1446510050,362.430000000000,27.593000000000
1446510263,363.380000000000,0.413300000000
1446510276,363.080000000000,4.374000000000
1446510332,362.850000000000,26.626000000000
1446510377,363.370000000000,4.028000000000
1446510391,363.380000000000,25.730100000000
1446510391,363.380000000000,35.000000000000
1446510412,363.380000000000,2.982000000000
1446510417,363.380000000000,3.580000000000
1446510425,363.380000000000,2.707900000000
1446510425,363.380000000000,28.292100000000
1446510427,363.380000000000,35.000000000000
1446510427,363.380000000000,20.326400000000
1446510427,363.380000000000,6.707900000000
1446510431,363.380000000000,3.350000000000
1446510437,363.380000000000,1.960000000000
1446510437,363.380000000000,9.363600000000
1446510439,363.380000000000,35.000000000000
1446510440,363.380000000000,15.722300000000
1446510442,363.380000000000,35.000000000000
1446510442,363.380000000000,29.523800000000
1446510442,363.380000000000,5.476200000000
1446510442,363.380000000000,19.277700000000
1446510443,363.380000000000,35.000000000000
1446510476,364.390000000000,4.326000000000
1446510484,363.780000000000,4.088000000000
1446510502,363.920000000000,4.191000000000
1446510524,364.030000000000,4.328000000000
1446510536,364.450000000000,1.960000000000
1446510549,364.460000000000,3.024000000000
1446510635,363.980000000000,4.318000000000
1446510687,363.750000000000,4.382000000000
1446510753,363.850000000000,4.327000000000
1446510760,363.970000000000,4.369000000000
1446510803,363.980000000000,3.480000000000
1446510827,364.130000000000,0.013600000000
1446510842,364.290000000000,2.000000000000
1446510842,364.290000000000,2.000000000000
1446510842,364.290000000000,1.000000000000
1446510842,364.290000000000,1.000000000000
1446510843,364.290000000000,2.000000000000
1446510843,364.290000000000,2.000000000000
1446510843,364.290000000000,2.000000000000
1446510843,364.290000000000,2.000000000000
1446510844,364.290000000000,1.000000000000
1446510857,364.290000000000,1.000000000000
1446510868,364.290000000000,2.000000000000
1446510868,364.290000000000,2.000000000000
1446510901,363.540000000000,4.330000000000
1446511049,363.790000000000,4.376000000000
1446511049,363.790000000000,5.624000000000
1446511050,363.790000000000,10.000000000000
1446511053,363.790000000000,10.000000000000
1446511055,363.790000000000,5.376000000000
1446511056,363.790000000000,4.624000000000
1446511056,363.790000000000,10.000000000000
1446511057,363.790000000000,10.000000000000
1446511057,363.790000000000,10.000000000000
1446511057,363.790000000000,10.000000000000
1446511057,363.790000000000,10.000000000000
1446511057,363.790000000000,10.000000000000
1446511060,363.790000000000,10.000000000000
1446511060,363.790000000000,10.000000000000
1446511062,363.790000000000,10.000000000000
1446511062,363.790000000000,10.000000000000
1446511063,363.790000000000,10.000000000000
1446511063,363.790000000000,1.527100000000
1446511063,363.790000000000,10.000000000000
1446511063,363.790000000000,10.000000000000
1446511063,363.790000000000,8.472900000000
1446511063,363.790000000000,10.000000000000
1446511063,363.790000000000,10.000000000000
1446511064,363.790000000000,10.000000000000
1446511064,363.790000000000,10.000000000000
1446511064,363.790000000000,10.000000000000
1446511064,363.790000000000,10.000000000000
1446511064,363.790000000000,10.000000000000
1446511064,363.790000000000,10.000000000000
1446511064,363.790000000000,10.000000000000
1446511067,363.790000000000,10.000000000000
1446511067,363.790000000000,2.913900000000
1446511070,363.790000000000,10.000000000000
1446511070,363.790000000000,10.000000000000
1446511070,363.790000000000,7.086100000000
1446511070,363.790000000000,10.000000000000
1446511071,363.790000000000,10.000000000000
1446511071,363.790000000000,10.000000000000
1446511071,363.790000000000,10.000000000000
1446511071,363.790000000000,10.000000000000
1446511071,363.790000000000,10.000000000000
1446511071,363.790000000000,10.000000000000
1446511072,363.790000000000,10.000000000000
1446511074,363.790000000000,10.000000000000
1446511107,362.980000000000,31.000000000000
1446511110,363.280000000000,4.350000000000
1446511121,363.430000000000,40.000000000000
1446511130,363.390000000000,25.000000000000
1446511130,363.390000000000,19.258500000000
1446511130,363.390000000000,25.000000000000
1446511131,362.980000000000,5.741500000000
1446511134,362.980000000000,25.000000000000
1446511135,362.980000000000,25.000000000000
1446511137,362.980000000000,15.463200000000
1446511137,362.980000000000,21.738900000000
1446511137,362.980000000000,25.000000000000
1446511137,362.980000000000,9.536800000000
1446511138,362.980000000000,25.000000000000
1446511138,362.980000000000,3.261100000000
1446511138,362.980000000000,9.481700000000
1446511138,362.980000000000,25.000000000000
1446511138,362.980000000000,15.518300000000
1446511138,362.980000000000,25.000000000000
1446511139,362.980000000000,2.051300000000
1446511139,362.980000000000,22.948700000000
1446511139,362.980000000000,5.488900000000
1446511139,362.980000000000,25.000000000000
1446511139,362.980000000000,19.511100000000
1446511139,362.980000000000,25.000000000000
1446511139,362.980000000000,25.000000000000
1446511142,362.980000000000,6.580200000000
1446511142,362.980000000000,18.419800000000
1446511145,362.980000000000,3.984800000000
1446511145,362.980000000000,7.920300000000
1446511145,362.980000000000,25.000000000000
1446511145,362.980000000000,25.000000000000
1446511145,362.980000000000,6.775200000000
1446511145,362.980000000000,25.000000000000
1446511145,362.980000000000,18.224800000000
1446511145,362.980000000000,17.079700000000
1446511146,362.980000000000,23.681500000000
1446511146,362.980000000000,21.015200000000
1446511173,362.900000000000,0.766200000000
1446511194,362.980000000000,1.318500000000
1446511194,362.980000000000,0.641500000000
1446511195,362.980000000000,1.960000000000
1446511197,362.980000000000,1.960000000000
1446511200,362.750000000000,4.391000000000
1446511208,362.970000000000,0.013700000000
1446511244,362.720000000000,3.379000000000
1446511244,362.980000000000,20.438500000000
1446511244,362.980000000000,25.000000000000
1446511244,362.980000000000,0.179200000000
1446511245,362.980000000000,24.820800000000
1446511245,362.980000000000,4.885900000000
1446511245,362.980000000000,25.000000000000
1446511245,362.980000000000,15.579200000000
1446511245,362.980000000000,20.114100000000
1446511246,362.980000000000,9.420800000000
1446511248,362.980000000000,9.000000000000
1446511258,363.220000000000,31.000000000000
1446511286,363.140000000000,4.360000000000
1446511294,363.110000000000,4.322000000000
1446511360,363.180000000000,4.698000000000
1446511470,362.400000000000,1.960000000000
1446511471,362.280000000000,0.885600000000
1446511474,362.250000000000,1.074400000000
1446511652,361.170000000000,0.490000000000
1446511740,361.080000000000,1.960000000000
1446511785,361.210000000000,4.356000000000
1446511890,361.170000000000,4.387000000000
1446511920,361.170000000000,4.368000000000
1446512015,361.160000000000,31.500000000000
1446512026,361.380000000000,4.344000000000
1446512130,361.240000000000,0.664000000000
1446512137,361.240000000000,0.664000000000
1446512194,360.920000000000,4.397000000000
1446512194,360.910000000000,45.222000000000
1446512195,360.790000000000,0.381000000000
1446512247,360.990000000000,4.656200000000
1446512247,361.350000000000,45.343800000000
1446512274,361.540000000000,0.620000000000
1446512319,361.600000000000,2.000000000000
1446512319,361.630000000000,4.388000000000
1446512382,361.490000000000,4.399000000000
1446512390,361.930000000000,4.401000000000
1446512443,362.030000000000,4.396000000000
1446512564,361.620000000000,4.374000000000
1446512564,361.610000000000,27.126000000000
1446512586,362.130000000000,4.355000000000
1446512587,362.140000000000,5.645000000000
1446513250,362.400000000000,25.000000000000
1446513383,363.170000000000,0.504400000000
1446513454,363.530000000000,4.331000000000
1446513456,363.530000000000,2.000000000000
1446513588,363.630000000000,31.000000000000
1446513609,363.690000000000,100.000000000000
1446513636,364.000000000000,0.800000000000
1446513637,364.000000000000,2.000000000000
1446513647,364.050000000000,1.960000000000
1446513648,364.620000000000,24.986300000000
1446513648,364.170000000000,0.013700000000
1446513648,364.050000000000,1.960000000000
1446513670,364.240000000000,0.500000000000
1446513687,364.440000000000,4.323000000000
1446513719,363.790000000000,4.340000000000
1446513762,363.600000000000,4.306000000000
1446513806,363.750000000000,2.000000000000
1446513821,363.950000000000,0.077800000000
1446513835,363.540000000000,2.000000000000
1446513836,363.480000000000,2.000000000000
1446514122,363.920000000000,31.000000000000
1446514315,363.970000000000,4.000000000000
1446514316,364.120000000000,25.000000000000
1446514316,363.990000000000,40.256400000000
1446514316,363.990000000000,9.743600000000
1446514383,364.560000000000,1.960000000000
1446514383,365.210000000000,1.960000000000
1446514591,364.730000000000,1.960000000000
1446514592,364.610000000000,1.960000000000
1446514770,363.800000000000,2.000000000000
1446514771,363.780000000000,35.433900000000
1446514875,364.320000000000,4.362000000000
1446514889,364.330000000000,2.000000000000
1446514931,363.710000000000,0.013700000000
1446514954,363.980000000000,3.648000000000
1446514985,363.260000000000,2.000000000000
1446515007,363.940000000000,2.000000000000
1446515108,363.390000000000,31.000000000000
1446515224,363.680000000000,2.000000000000
1446515275,364.070000000000,31.000000000000
