1411325839,404.820000000000,1.000000000000
1411328106,403.360000000000,0.611100000000
1411329519,403.570000000000,0.857400000000
1411329963,403.010000000000,0.887800000000
1411329964,403.000000000000,0.612900000000
1411329964,403.000000000000,0.187100000000
1411330024,403.420000000000,0.712100000000
1411330216,403.660000000000,1.073600000000
1411330258,403.170000000000,0.911500000000
1411330622,403.620000000000,0.793300000000
1411330797,403.610000000000,0.705100000000
1411331195,404.180000000000,0.733400000000
1411331195,404.180000000000,0.323800000000
1411331195,404.180000000000,0.942800000000
1411331728,402.310000000000,0.931900000000
1411331728,402.310000000000,1.424200000000
1411331729,402.310000000000,0.055400000000
1411331742,401.550000000000,0.465600000000
1411331742,401.550000000000,1.228700000000
1411331986,401.340000000000,1.205000000000
1411332182,401.900000000000,1.185400000000
1411332183,401.900000000000,0.009400000000
1411332843,401.110000000000,0.469800000000
1411332844,401.110000000000,0.897000000000
1411332844,401.110000000000,1.055300000000
1411332916,401.280000000000,1.196900000000
1411333118,398.570000000000,1.363300000000
1411333119,398.570000000000,0.685300000000
1411333121,398.300000000000,1.708000000000
1411333301,398.750000000000,0.500000000000
1411334302,400.430000000000,0.631500000000
1411335690,402.360000000000,1.219200000000
1411335691,402.360000000000,1.191700000000
1411336371,398.200000000000,1.000000000000
1411336448,397.700000000000,0.028100000000
1411336448,397.700000000000,0.471900000000
1411336458,395.190000000000,0.452300000000
1411336459,395.940000000000,1.072600000000
1411336460,395.180000000000,0.204100000000
1411336520,397.500000000000,1.151800000000
1411336520,397.500000000000,0.076200000000
1411336584,397.000000000000,0.500000000000
1411336590,396.420000000000,1.226700000000
1411336606,396.240000000000,1.223300000000
1411336633,396.220000000000,0.694100000000
1411336633,396.800000000000,0.305900000000
1411336751,396.800000000000,1.000000000000
1411336879,395.730000000000,1.215700000000
1411337105,396.120000000000,1.219200000000
1411338262,398.500000000000,0.891600000000
1411338862,397.400000000000,1.217100000000
1411339074,396.550000000000,1.217600000000
1411339608,396.740000000000,1.216400000000
1411339957,398.390000000000,0.109000000000
1411340030,398.300000000000,0.580200000000
1411340031,398.300000000000,0.630000000000
1411343716,400.690000000000,0.954800000000
1411344579,400.100000000000,1.006400000000
1411344802,399.940000000000,0.688100000000
1411346255,401.440000000000,1.198900000000
1411346544,401.170000000000,1.034600000000
1411346545,401.170000000000,0.166400000000
1411347883,399.300000000000,0.010000000000
1411348066,398.580000000000,1.207100000000
1411348984,398.240000000000,1.217900000000
1411349063,398.170000000000,1.210300000000
1411350135,398.750000000000,85.016600000000
1411350135,397.800000000000,1.631500000000
1411350135,398.680000000000,3.351900000000
1411350206,398.750000000000,85.000000000000
1411350338,398.040000000000,0.010000000000
1411350338,398.030000000000,2.309300000000
1411350342,398.000000000000,1.451800000000
1411350343,398.000000000000,2.327900000000
1411350343,398.000000000000,2.436400000000
1411350460,398.610000000000,1.069200000000
1411350461,398.750000000000,87.715000000000
1411350461,398.740000000000,1.215800000000
1411351734,399.990000000000,0.528300000000
1411351734,399.990000000000,0.677000000000
1411351858,399.870000000000,0.920200000000
1411351861,399.940000000000,0.806100000000
1411353212,402.510000000000,1.387800000000
1411353212,402.500000000000,0.812300000000
1411353213,402.710000000000,87.799900000000
1411353265,402.020000000000,1.140200000000
1411353266,402.020000000000,0.059400000000
1411353278,402.180000000000,0.702600000000
1411353282,401.970000000000,1.029800000000
1411353283,401.970000000000,0.169300000000
1411353307,401.580000000000,1.201600000000
1411353325,402.330000000000,0.913900000000
1411353326,402.980000000000,1.664400000000
1411353327,402.990000000000,87.421700000000
1411353415,402.240000000000,1.203700000000
1411353416,402.230000000000,2.057400000000
1411353416,402.000000000000,2.185600000000
1411353416,402.000000000000,2.016500000000
1411353416,402.000000000000,2.451700000000
1411353417,402.000000000000,2.403800000000
1411353417,402.000000000000,2.126500000000
1411353471,401.650000000000,0.010000000000
1411353471,401.640000000000,0.648800000000
1411353472,401.640000000000,0.549800000000
1411353544,401.540000000000,0.010000000000
1411353620,402.000000000000,2.131000000000
1411353679,402.000000000000,1.155700000000
1411353679,402.000000000000,2.160200000000
1411353679,402.000000000000,0.107900000000
1411358321,402.970000000000,1.203900000000
1411359167,402.550000000000,1.094200000000
1411360848,403.740000000000,1.632700000000
1411361487,405.000000000000,3.000000000000
1411361813,405.000000000000,3.145000000000
1411362484,405.000000000000,1.225800000000
1411362484,405.000000000000,2.254600000000
1411362486,405.000000000000,1.088400000000
1411362486,405.000000000000,1.026600000000
1411362486,405.000000000000,2.378600000000
1411362591,405.000000000000,1.691900000000
1411362592,405.000000000000,1.523900000000
1411362593,405.000000000000,2.199400000000
1411362593,405.000000000000,1.463300000000
1411362594,405.000000000000,2.245400000000
1411362595,405.000000000000,2.013400000000
1411362596,405.000000000000,1.663900000000
1411362596,405.000000000000,2.424100000000
1411362640,405.000000000000,1.504500000000
1411362656,405.000000000000,1.139000000000
1411362656,405.000000000000,1.906000000000
1411362657,405.000000000000,1.332200000000
1411362657,405.000000000000,1.545900000000
1411362658,405.000000000000,0.926900000000
1411362659,405.000000000000,1.571900000000
1411362672,405.000000000000,2.008800000000
1411362672,405.000000000000,1.279600000000
1411362673,405.000000000000,1.177700000000
1411362673,405.000000000000,1.275600000000
1411362674,405.000000000000,2.332800000000
1411362674,405.000000000000,2.154500000000
1411362674,405.000000000000,2.059400000000
1411362680,405.000000000000,1.604600000000
1411362680,405.000000000000,1.319000000000
1411362681,405.000000000000,1.775200000000
1411362681,405.000000000000,2.295000000000
1411362681,405.000000000000,1.655400000000
1411362681,405.000000000000,0.964100000000
1411362682,405.000000000000,1.580200000000
1411362682,404.990000000000,1.405000000000
1411362682,405.000000000000,1.597100000000
1411362683,404.990000000000,0.995500000000
1411362684,405.000000000000,1.511800000000
1411362685,405.000000000000,2.056500000000
1411362688,405.000000000000,0.873800000000
1411362691,405.000000000000,1.966700000000
1411362691,405.000000000000,1.223300000000
1411362691,405.000000000000,1.759800000000
1411362692,405.000000000000,1.579500000000
1411362692,405.000000000000,1.451900000000
1411362692,405.000000000000,1.245900000000
1411362731,404.780000000000,0.010000000000
1411362731,404.770000000000,1.661300000000
1411362750,404.790000000000,1.904600000000
1411362751,404.790000000000,0.497500000000
1411362752,404.670000000000,0.010000000000
1411362752,404.780000000000,0.010000000000
1411362791,404.670000000000,0.851800000000
1411362791,404.670000000000,0.891300000000
1411362792,404.670000000000,0.660200000000
1411362793,403.660000000000,0.082200000000
1411362804,405.000000000000,1.220100000000
1411362804,405.000000000000,1.154200000000
1411362805,405.000000000000,1.144900000000
1411362816,404.840000000000,0.010000000000
1411362847,405.000000000000,0.858800000000
1411362852,404.950000000000,0.010000000000
1411362909,405.000000000000,2.173400000000
1411362927,405.000000000000,0.907000000000
1411362927,405.000000000000,1.903100000000
1411363019,404.950000000000,0.010000000000
1411363020,404.880000000000,0.768000000000
1411363146,404.990000000000,0.018000000000
1411363338,404.940000000000,0.010000000000
1411363600,404.570000000000,0.010000000000
1411364304,405.000000000000,1.145400000000
1411364674,405.000000000000,1.668200000000
1411364675,405.000000000000,0.898500000000
1411364676,405.000000000000,0.793800000000
1411364799,405.000000000000,1.067600000000
1411364800,405.000000000000,2.153200000000
1411364805,405.000000000000,0.852300000000
1411364806,405.000000000000,1.011200000000
1411364806,405.000000000000,1.787600000000
1411364816,405.000000000000,1.241800000000
1411364839,405.320000000000,0.010000000000
1411364845,404.730000000000,0.904300000000
1411364846,405.520000000000,0.292600000000
1411364847,404.850000000000,1.193600000000
1411364851,404.850000000000,0.952400000000
1411364852,405.520000000000,0.247600000000
1411365064,405.760000000000,0.010000000000
1411365124,404.870000000000,2.011000000000
1411365134,404.870000000000,0.389900000000
1411365134,404.880000000000,0.010000000000
1411365384,405.120000000000,1.369400000000
1411365385,405.120000000000,0.741200000000
1411365385,405.110000000000,0.010000000000
1411365387,405.010000000000,1.527800000000
1411365464,405.140000000000,0.010000000000
1411365465,405.130000000000,0.010000000000
1411365685,405.030000000000,0.010000000000
1411365875,405.020000000000,0.010000000000
1411366022,406.000000000000,1.861200000000
1411366022,405.390000000000,1.117000000000
1411366023,406.000000000000,1.331300000000
1411366023,406.000000000000,1.596400000000
1411366023,406.000000000000,1.876700000000
1411366023,406.000000000000,1.152800000000
1411366024,406.000000000000,0.956600000000
1411366024,406.000000000000,0.108000000000
1411366283,405.700000000000,0.010000000000
1411366503,405.230000000000,0.010000000000
1411367451,406.180000000000,0.010000000000
1411367507,405.780000000000,0.010000000000
1411367580,405.310000000000,0.010000000000
1411367653,405.540000000000,0.010000000000
1411367705,405.400000000000,0.010000000000
1411367872,405.550000000000,0.010000000000
1411367978,405.290000000000,0.010000000000
1411368107,405.390000000000,0.010000000000
1411368555,405.550000000000,0.010000000000
1411368882,404.710000000000,0.010000000000
1411368938,403.820000000000,0.010000000000
1411369223,404.120000000000,0.010000000000
1411369244,403.520000000000,0.010000000000
1411369503,403.530000000000,0.010000000000
1411370009,403.760000000000,0.010000000000
1411370271,403.300000000000,0.010000000000
1411370985,402.880000000000,0.010000000000
1411372039,402.630000000000,0.010000000000
1411372059,402.410000000000,0.010000000000
1411372059,402.410000000000,2.053800000000
1411372059,402.410000000000,0.946200000000
1411372523,401.950000000000,0.010000000000
1411372637,401.820000000000,0.010000000000
1411372646,400.000000000000,0.786600000000
1411372646,400.010000000000,0.010000000000
1411372646,400.000000000000,1.943800000000
1411372647,400.000000000000,0.815000000000
1411372647,400.000000000000,0.826300000000
1411372647,400.000000000000,1.440500000000
1411372647,400.000000000000,0.836700000000
1411372648,400.000000000000,0.961700000000
1411372648,400.000000000000,0.191300000000
1411372648,400.000000000000,1.041400000000
1411372648,400.000000000000,1.156700000000
1411372707,401.970000000000,0.010000000000
1411372743,401.680000000000,0.010000000000
1411372844,401.300000000000,0.010000000000
1411372915,400.370000000000,0.010000000000
1411372999,399.440000000000,0.010000000000
1411373153,398.640000000000,0.010000000000
1411373259,398.390000000000,0.010000000000
1411373634,400.000000000000,0.010000000000
1411373634,399.990000000000,1.000000000000
1411373696,399.510000000000,0.010000000000
1411374128,400.040000000000,0.010000000000
1411374434,400.470000000000,0.010000000000
1411374660,400.610000000000,0.010000000000
1411375488,400.900000000000,0.010000000000
1411375759,401.110000000000,0.010000000000
1411375792,399.930000000000,0.010000000000
1411375792,399.930000000000,1.478000000000
1411375792,399.930000000000,0.949900000000
1411376035,400.860000000000,0.010000000000
1411376459,400.850000000000,0.010000000000
1411376840,400.420000000000,0.010000000000
1411377102,400.590000000000,0.010000000000
1411378345,401.340000000000,0.010000000000
1411378621,401.400000000000,0.010000000000
1411378899,401.690000000000,0.010000000000
1411379035,401.020000000000,0.010000000000
1411379831,403.630000000000,0.010000000000
1411380223,403.330000000000,0.010000000000
1411380223,403.320000000000,0.689400000000
1411380281,403.380000000000,1.402600000000
1411380281,403.380000000000,0.908000000000
1411380281,403.390000000000,0.010000000000
1411380282,403.300000000000,0.063400000000
1411380338,403.300000000000,1.436600000000
1411380338,403.310000000000,0.010000000000
1411380534,403.090000000000,0.010000000000
1411380845,403.270000000000,0.010000000000
1411380926,403.170000000000,0.010000000000
1411380979,403.020000000000,0.858000000000
1411380979,403.020000000000,0.010000000000
1411381352,403.150000000000,0.010000000000
1411381472,403.110000000000,0.677700000000
1411381472,403.110000000000,1.185800000000
1411381478,403.000000000000,0.278500000000
1411381832,402.180000000000,0.010000000000
1411381832,402.060000000000,1.510600000000
1411381883,402.060000000000,0.010000000000
1411382095,401.800000000000,0.010000000000
1411382363,401.420000000000,0.010000000000
1411382363,401.400000000000,1.084500000000
1411382467,401.440000000000,0.010000000000
1411383482,401.520000000000,0.859400000000
1411383482,401.520000000000,2.100900000000
1411383482,400.990000000000,1.625900000000
1411383482,401.520000000000,1.820500000000
1411383518,401.520000000000,1.023300000000
1411383518,401.530000000000,0.404900000000
1411384065,401.830000000000,0.010000000000
1411385671,402.180000000000,0.010000000000
1411386859,402.550000000000,1.464500000000
1411387097,403.010000000000,0.035500000000
1411389633,401.900000000000,1.000000000000
1411389641,401.900000000000,0.199600000000
1411389642,402.000000000000,0.023000000000
1411389642,401.910000000000,1.777400000000
1411390114,402.080000000000,1.199600000000
1411390470,402.490000000000,0.804700000000
1411390470,402.480000000000,1.195300000000
1411390512,402.260000000000,1.989700000000
1411390512,402.410000000000,1.203100000000
1411390523,402.500000000000,0.874500000000
1411390523,402.500000000000,0.602400000000
1411390523,402.500000000000,0.330300000000
1411390549,402.430000000000,1.175700000000
1411390549,402.410000000000,0.896100000000
1411390550,402.500000000000,1.693600000000
1411390550,402.500000000000,1.941000000000
1411390550,402.500000000000,1.915900000000
1411390551,402.500000000000,0.629500000000
1411390551,402.500000000000,1.748200000000
1411390797,402.240000000000,0.978600000000
1411390800,402.250000000000,1.790500000000
1411390800,402.250000000000,0.086000000000
1411390849,402.250000000000,1.349100000000
1411391659,400.000000000000,10.000000000000
1411391660,395.000000000000,10.000000000000
1411391660,395.010000000000,1.302100000000
1411391668,394.000000000000,3.225600000000
1411391688,394.000000000000,1300.000000000000
1411391721,394.000000000000,75.472300000000
1411391746,400.060000000000,1.229700000000
1411391909,400.500000000000,1.454600000000
1411391909,400.710000000000,1.323200000000
1411391909,400.500000000000,1.185000000000
1411391910,400.500000000000,1.892900000000
1411392404,399.290000000000,1.216900000000
1411392448,399.280000000000,1.212300000000
1411392823,398.620000000000,1.804900000000
1411392823,399.190000000000,1.509500000000
1411392824,398.620000000000,1.653700000000
1411392824,398.620000000000,1.910200000000
1411392824,398.620000000000,1.516100000000
1411392825,398.620000000000,1.605600000000
1411393755,399.990000000000,1.578000000000
1411393756,400.000000000000,5.000000000000
1411393756,400.000000000000,1.016000000000
1411393756,400.000000000000,1.390100000000
1411393773,400.000000000000,1.000000000000
1411393795,400.000000000000,0.015900000000
1411394043,400.000000000000,2.044300000000
1411394044,400.000000000000,1.858100000000
1411394045,400.000000000000,0.081700000000
1411394821,400.350000000000,0.010000000000
1411395650,399.120000000000,0.010000000000
1411395663,399.810000000000,0.010000000000
1411395670,399.390000000000,0.010000000000
1411395680,399.640000000000,0.010000000000
1411395690,399.640000000000,0.010000000000
1411395699,399.640000000000,0.010000000000
1411395710,399.640000000000,0.010000000000
1411395721,399.640000000000,0.010000000000
1411395730,399.640000000000,0.010000000000
1411395740,399.640000000000,0.010000000000
1411395750,399.640000000000,0.010000000000
1411395760,399.640000000000,0.010000000000
1411395770,399.640000000000,0.010000000000
1411395780,399.640000000000,0.010000000000
1411396419,398.000000000000,1.000000000000
1411396419,398.000000000000,0.525800000000
1411396420,398.000000000000,0.977800000000
1411396420,398.000000000000,1.000000000000
1411396420,398.000000000000,0.022200000000
1411396420,398.000000000000,0.474200000000
1411396420,398.000000000000,0.194400000000
1411396451,398.000000000000,0.805600000000
1411396466,397.750000000000,1.199400000000
1411396467,397.720000000000,1.000000000000
1411396467,397.720000000000,0.465800000000
1411396467,397.720000000000,0.534200000000
1411396467,397.720000000000,0.053800000000
1411396496,397.720000000000,0.860300000000
1411396496,397.720000000000,0.946200000000
1411396497,397.720000000000,1.000000000000
1411396497,397.720000000000,0.139700000000
1411397839,398.160000000000,0.010000000000
1411397915,398.080000000000,0.010000000000
1411398067,399.990000000000,0.697100000000
1411398068,400.000000000000,1.017800000000
1411398068,400.000000000000,0.447700000000
1411398068,400.000000000000,1.974600000000
1411398068,400.000000000000,2.250000000000
1411398069,400.000000000000,1.014400000000
1411398069,400.000000000000,0.675700000000
1411398069,400.000000000000,1.565800000000
1411398069,400.000000000000,1.054000000000
1411398072,398.130000000000,0.010000000000
1411398458,400.380000000000,0.010000000000
1411398698,400.500000000000,2.238500000000
1411398699,400.500000000000,2.016100000000
1411398905,400.500000000000,1.022200000000
1411398905,400.500000000000,2.026300000000
1411398906,400.500000000000,1.738400000000
1411398956,400.480000000000,0.010000000000
1411399032,400.260000000000,0.010000000000
1411399907,400.590000000000,0.010000000000
1411400445,399.500000000000,1.899600000000
1411400445,399.500000000000,1.357500000000
1411400456,399.840000000000,1.200200000000
1411401740,399.510000000000,0.600000000000
1411401740,399.500000000000,0.918200000000
1411401740,399.500000000000,2.044000000000
1411401740,399.500000000000,0.368600000000
1411401740,399.500000000000,1.203800000000
1411401740,399.520000000000,0.010000000000
1411401741,399.500000000000,0.790500000000
1411401741,399.500000000000,0.350000000000
1411401741,399.500000000000,1.067800000000
1411401766,399.560000000000,0.010000000000
1411401956,399.460000000000,0.010000000000
1411402869,399.130000000000,0.010000000000
1411403530,399.500000000000,2.017700000000
1411403530,399.500000000000,1.992600000000
1411403775,399.500000000000,1.722300000000
1411403775,399.500000000000,1.836200000000
1411403775,399.500000000000,1.922600000000
1411403776,399.500000000000,0.508600000000
1411406375,401.010000000000,0.952800000000
1411406376,401.010000000000,2.200000000000
1411406376,401.010000000000,2.355500000000
1411407102,401.010000000000,1.067400000000
1411407102,401.010000000000,2.410400000000
1411407102,401.010000000000,2.124200000000
1411407103,401.010000000000,1.021500000000
1411407108,400.970000000000,0.010000000000
1411407133,401.010000000000,1.005500000000
1411407183,401.000000000000,0.010000000000
1411407213,401.010000000000,1.981700000000
1411407381,400.700000000000,0.010000000000
1411407564,399.480000000000,0.010000000000
1411407999,399.730000000000,0.010000000000
1411408151,399.430000000000,0.010000000000
1411408560,399.650000000000,0.010000000000
1411408597,399.720000000000,0.010000000000
1411409128,400.000000000000,1.000000000000
1411409129,400.000000000000,0.244900000000
1411409202,399.990000000000,0.010000000000
1411409501,399.960000000000,0.010000000000
1411410095,400.000000000000,0.462100000000
1411410095,400.000000000000,0.755100000000
1411410206,400.000000000000,0.987500000000
1411410206,400.000000000000,0.537900000000
1411410206,400.000000000000,0.012500000000
1411410206,400.000000000000,0.678800000000
1411410206,400.000000000000,0.321200000000
1411410206,400.000000000000,1.000000000000
1411410207,400.000000000000,1.000000000000
1411410207,400.000000000000,0.867200000000
1411410207,400.000000000000,0.132800000000
1411410208,400.000000000000,0.140400000000
1411410208,400.000000000000,0.859600000000
1411410208,400.000000000000,1.000000000000
1411410248,400.180000000000,0.010000000000
1411410634,400.060000000000,0.010000000000
1411411085,399.750000000000,0.010000000000
1411411674,399.750000000000,9.990000000000
1411412370,399.750000000000,0.010000000000
1411412370,399.760000000000,0.010000000000
1411412801,399.500000000000,10.000000000000
1411412801,399.560000000000,0.010000000000
1411412802,397.920000000000,1.210400000000
1411412802,396.720000000000,1.708300000000
1411412804,394.000000000000,1.708300000000
1411412804,394.000000000000,4.527700000000
1411412815,394.000000000000,1625.000000000000
1411412826,394.000000000000,0.835300000000
1411413734,400.000000000000,1.847700000000
1411413734,400.000000000000,1.278600000000
1411413735,400.000000000000,1.280600000000
1411413736,400.000000000000,0.876500000000
1411413736,400.000000000000,1.970700000000
1411413927,400.000000000000,0.013800000000
1411413927,400.000000000000,1.508000000000
1411413927,400.000000000000,1.237900000000
1411413928,400.000000000000,0.086200000000
1411414277,400.780000000000,0.010000000000
1411414499,400.630000000000,0.010000000000
1411415628,400.710000000000,0.010000000000
1411415795,400.450000000000,0.010000000000
1411415796,400.440000000000,1.699200000000
1411415796,400.250000000000,0.041900000000
1411415802,400.460000000000,0.992200000000
1411415803,400.460000000000,0.675500000000
1411415804,400.460000000000,0.010000000000
1411415843,400.110000000000,0.010000000000
1411415843,400.100000000000,1.496600000000
1411416105,400.970000000000,0.010000000000
1411416336,400.700000000000,0.010000000000
1411416926,400.500000000000,1.500000000000
1411417059,401.000000000000,0.500000000000
1411417108,400.540000000000,0.010000000000
1411417212,401.010000000000,2.427800000000
1411417317,401.010000000000,1.543200000000
1411417357,401.000000000000,0.010000000000
1411417450,400.790000000000,0.010000000000
1411417568,401.010000000000,0.886000000000
1411417569,401.010000000000,0.997000000000
1411417569,401.010000000000,0.955500000000
1411417611,400.870000000000,0.010000000000
1411417637,400.870000000000,1.990000000000
1411417737,401.010000000000,10.003400000000
1411417934,400.960000000000,0.010000000000
1411418051,401.010000000000,2.000500000000
1411418083,400.940000000000,0.010000000000
1411418122,400.390000000000,0.923400000000
1411418124,400.390000000000,1.199800000000
1411418126,400.000000000000,0.099000000000
1411418126,400.380000000000,0.010000000000
1411418142,399.930000000000,0.551200000000
1411418143,399.930000000000,0.448800000000
1411418187,400.270000000000,1.000000000000
1411418201,400.760000000000,0.010000000000
1411418305,400.540000000000,0.010000000000
1411418913,401.010000000000,1.149800000000
1411418913,401.010000000000,1.256800000000
1411418925,401.010000000000,1.735100000000
1411418926,401.010000000000,1.424400000000
1411418926,401.010000000000,1.424100000000
1411418927,401.010000000000,1.006600000000
1411418927,401.010000000000,1.333700000000
1411418986,401.000000000000,2.119700000000
1411418987,401.000000000000,0.077300000000
1411419232,400.920000000000,0.773300000000
1411419233,400.920000000000,0.935100000000
1411419234,400.920000000000,0.051200000000
1411419234,400.920000000000,0.010000000000
1411419685,401.010000000000,2.164500000000
1411419728,400.840000000000,0.010000000000
1411419894,401.010000000000,1.921400000000
1411419894,401.010000000000,2.225900000000
1411419947,400.810000000000,0.010000000000
1411420137,400.930000000000,0.010000000000
1411420565,401.010000000000,2.040500000000
1411420566,401.010000000000,2.004600000000
1411420567,401.010000000000,1.980400000000
1411420848,401.010000000000,10.000000000000
1411420913,401.010000000000,0.930800000000
1411420914,401.010000000000,1.978300000000
1411421051,401.010000000000,5.000000000000
1411421228,401.000000000000,0.010000000000
1411421787,401.010000000000,2.097900000000
1411421788,401.010000000000,1.693100000000
1411421789,401.010000000000,1.673600000000
1411421789,401.010000000000,2.194500000000
1411421790,401.010000000000,0.903600000000
1411421790,401.010000000000,1.568300000000
1411421793,401.010000000000,0.903100000000
1411421820,401.010000000000,0.456200000000
1411422025,401.010000000000,0.240300000000
1411422032,401.010000000000,0.114000000000
1411422237,401.010000000000,0.062600000000
1411422245,401.010000000000,0.036800000000
1411422448,401.010000000000,4.546700000000
1411422448,401.750000000000,1.332600000000
1411422449,402.180000000000,1.690300000000
1411422450,402.380000000000,2.430400000000
1411422681,402.000000000000,0.500000000000
1411422681,402.010000000000,0.010000000000
1411423392,401.460000000000,0.010000000000
1411423446,400.670000000000,0.010000000000
1411423479,400.410000000000,0.010000000000
1411423570,400.420000000000,0.010000000000
1411423687,400.390000000000,0.010000000000
1411424031,399.770000000000,0.010000000000
1411424118,399.750000000000,0.010000000000
1411424271,399.650000000000,0.010000000000
1411424367,399.150000000000,0.010000000000
1411424445,398.880000000000,0.010000000000
1411424464,398.140000000000,0.010000000000
1411424959,398.820000000000,0.010000000000
1411425195,398.870000000000,0.010000000000
1411426266,399.180000000000,0.010000000000
1411426673,398.670000000000,0.010000000000
1411426693,398.700000000000,0.010000000000
1411426756,398.790000000000,0.010000000000
1411426776,398.840000000000,0.010000000000
1411426794,398.650000000000,0.010000000000
1411427155,398.570000000000,0.010000000000
1411427228,397.720000000000,0.851600000000
1411427228,397.710000000000,0.010000000000
1411427229,397.520000000000,0.010000000000
1411427371,398.290000000000,0.010000000000
1411427519,398.250000000000,0.010000000000
1411427555,397.430000000000,0.010000000000
1411427556,397.130000000000,0.436900000000
1411427676,398.130000000000,0.010000000000
1411427728,397.630000000000,0.010000000000
1411427777,397.550000000000,0.010000000000
1411427809,397.390000000000,0.222200000000
1411427810,397.380000000000,0.010000000000
1411427917,397.560000000000,0.010000000000
1411428921,397.840000000000,0.010000000000
1411429105,398.050000000000,0.010000000000
1411429373,397.960000000000,0.010000000000
1411429406,396.810000000000,0.010000000000
1411429467,397.270000000000,0.010000000000
1411430101,397.860000000000,0.010000000000
1411430349,397.680000000000,0.111000000000
1411430350,397.670000000000,0.010000000000
1411431275,398.870000000000,0.010000000000
1411431892,399.030000000000,0.010000000000
1411432039,399.160000000000,0.010000000000
1411432387,398.740000000000,0.010000000000
1411433195,399.590000000000,0.010000000000
1411433527,399.690000000000,0.010000000000
1411434969,401.000000000000,0.535600000000
1411434969,400.830000000000,0.964400000000
1411435425,400.640000000000,0.200000000000
1411435458,400.120000000000,0.200000000000
1411435884,400.420000000000,0.200000000000
1411436885,401.000000000000,1.000000000000
1411437049,400.590000000000,0.200000000000
1411437175,400.400000000000,1.000000000000
1411437495,400.320000000000,0.200000000000
1411438085,400.050000000000,0.200000000000
1411438140,400.070000000000,0.200000000000
1411438247,399.680000000000,0.200000000000
1411438405,400.210000000000,0.200000000000
1411438761,399.870000000000,0.200000000000
1411438901,399.810000000000,0.200000000000
1411439319,399.210000000000,0.200000000000
1411439503,399.040000000000,0.200000000000
1411440016,399.220000000000,0.200000000000
1411440523,399.590000000000,0.200000000000
1411440645,398.590000000000,0.200000000000
1411441265,399.060000000000,0.200000000000
1411441812,398.850000000000,0.200000000000
1411441994,398.330000000000,0.200000000000
1411442843,398.730000000000,0.791100000000
1411442843,398.730000000000,0.200000000000
1411442844,398.730000000000,0.125100000000
1411442844,398.730000000000,2.083800000000
1411443019,399.360000000000,0.200000000000
1411443039,399.500000000000,0.200000000000
1411443685,399.500000000000,0.557400000000
1411443685,399.660000000000,0.200000000000
1411443685,399.500000000000,1.316600000000
1411443686,399.500000000000,1.126000000000
1411443755,398.270000000000,1.000000000000
1411444372,399.390000000000,0.200000000000
1411445828,399.800000000000,1.208900000000
1411445828,399.800000000000,1.791100000000
1411445828,399.810000000000,0.200000000000
1411445924,399.450000000000,0.200000000000
1411446610,400.640000000000,0.200000000000
1411446976,400.570000000000,0.200000000000
1411447490,400.610000000000,0.200000000000
1411447491,400.450000000000,1.531100000000
1411447491,400.450000000000,0.728800000000
1411447491,400.450000000000,0.740100000000
1411447864,400.970000000000,0.200000000000
1411448062,400.780000000000,0.200000000000
1411448349,400.710000000000,0.200000000000
1411448719,400.020000000000,0.200000000000
1411448720,400.020000000000,1.676900000000
1411448720,400.020000000000,1.323100000000
1411448964,400.740000000000,0.200000000000
1411449457,400.860000000000,0.200000000000
1411453354,400.500000000000,1.000000000000
1411456691,400.570000000000,0.983900000000
1411456691,400.570000000000,1.790600000000
1411456692,400.570000000000,0.225500000000
1411461851,398.840000000000,0.250000000000
1411461917,399.270000000000,1.029300000000
1411461918,399.270000000000,0.193400000000
1411461920,399.410000000000,1.126100000000
1411462035,399.200000000000,1.223200000000
1411462619,397.520000000000,1.213700000000
1411462833,397.570000000000,0.874600000000
1411463118,397.160000000000,0.992100000000
1411463119,397.220000000000,0.229600000000
1411463784,396.310000000000,1.222100000000
1411464173,396.710000000000,0.960100000000
1411464404,396.410000000000,1.234300000000
1411465648,396.970000000000,1.220800000000
1411465655,396.950000000000,1.219100000000
1411465656,397.240000000000,1.152500000000
1411465657,396.960000000000,0.068500000000
1411465786,397.050000000000,1.137600000000
1411465796,397.470000000000,0.968400000000
1411466427,396.740000000000,0.350000000000
1411473543,396.900000000000,1.212700000000
1411473546,396.900000000000,0.007500000000
1411473547,396.940000000000,1.209600000000
1411473751,395.890000000000,0.770700000000
1411473946,396.600000000000,0.634000000000
1411473950,396.650000000000,0.555000000000
1411474600,397.750000000000,4.066100000000
1411474600,396.980000000000,0.933900000000
1411475382,397.120000000000,0.597500000000
1411475394,397.250000000000,0.821800000000
1411475394,397.000000000000,0.178200000000
1411475403,397.180000000000,1.318200000000
1411475812,397.150000000000,0.765500000000
1411477766,396.750000000000,1.112000000000
1411478128,396.740000000000,1.202700000000
1411478320,396.850000000000,1.047000000000
1411478497,396.560000000000,0.918200000000
1411478570,397.970000000000,0.575000000000
1411480512,396.110000000000,0.892200000000
1411480516,396.400000000000,0.769800000000
1411480753,396.300000000000,0.679200000000
1411480867,396.680000000000,1.810900000000
1411483548,398.000000000000,1.000000000000
1411483548,398.000000000000,1.000000000000
1411483549,398.000000000000,1.000000000000
1411483549,398.000000000000,1.000000000000
1411483549,398.000000000000,1.000000000000
1411483550,398.750000000000,94.226200000000
1411483550,398.660000000000,0.773800000000
1411483598,397.240000000000,0.762800000000
1411483599,398.160000000000,1.707000000000
1411483605,398.750000000000,93.041000000000
1411483605,398.170000000000,4.489200000000
1411483638,397.240000000000,1.211800000000
1411483680,397.000000000000,0.993500000000
1411483681,397.000000000000,1.284200000000
1411483681,397.000000000000,0.966800000000
1411483682,397.000000000000,2.282100000000
1411483682,397.000000000000,1.126200000000
1411483682,397.000000000000,2.135400000000
1411485451,398.830000000000,1.047100000000
1411485566,398.910000000000,0.910100000000
1411485631,399.070000000000,0.801500000000
1411486586,398.840000000000,1.074000000000
1411486587,398.840000000000,0.134500000000
1411487945,397.700000000000,1.209700000000
1411488011,396.850000000000,1.715100000000
1411488070,397.710000000000,1.220300000000
1411488140,397.780000000000,1.211500000000
1411488781,397.460000000000,1.705200000000
1411488782,397.460000000000,0.733000000000
1411488971,398.390000000000,0.717700000000
1411488972,398.390000000000,0.975200000000
1411488973,398.390000000000,0.744400000000
1411488997,397.570000000000,0.583800000000
1411488997,397.000000000000,1.851100000000
1411491855,395.420000000000,1.132100000000
1411491856,395.420000000000,0.087600000000
1411494051,400.000000000000,2.017800000000
1411494051,400.000000000000,0.898000000000
1411494051,400.000000000000,1.052700000000
1411494051,400.000000000000,2.146200000000
1411494052,400.000000000000,2.148900000000
1411494052,400.000000000000,2.142300000000
1411494052,400.000000000000,1.321800000000
1411494052,400.000000000000,2.180800000000
1411494053,400.000000000000,2.278300000000
1411494053,400.000000000000,2.120600000000
1411494053,400.000000000000,2.111600000000
1411494054,400.000000000000,1.805100000000
1411494054,400.000000000000,1.231900000000
1411494058,400.000000000000,2.170900000000
1411494063,400.000000000000,1.511800000000
1411494065,400.000000000000,1.247300000000
1411494065,400.000000000000,1.667100000000
1411494066,400.000000000000,0.967200000000
1411494066,400.000000000000,1.293800000000
1411494066,400.000000000000,2.238500000000
1411494066,400.000000000000,1.424700000000
1411494066,400.000000000000,2.002600000000
1411494066,400.000000000000,2.099600000000
1411494066,400.000000000000,1.551300000000
1411494067,400.000000000000,0.856000000000
1411494067,400.000000000000,2.176500000000
1411494067,400.000000000000,2.185600000000
1411494067,400.000000000000,1.596300000000
1411494067,400.000000000000,1.365500000000
1411494067,400.000000000000,1.635900000000
1411494067,400.000000000000,1.656400000000
1411494067,400.000000000000,1.359600000000
1411494067,400.000000000000,1.809200000000
1411494068,400.000000000000,1.376500000000
1411494068,400.000000000000,1.914100000000
1411494068,398.810000000000,1.639200000000
1411494069,396.340000000000,1.210300000000
1411494069,398.810000000000,0.069300000000
1411494176,399.150000000000,1.604100000000
1411494177,399.150000000000,0.830900000000
1411494298,400.000000000000,0.437600000000
1411494425,402.710000000000,0.392500000000
1411494425,402.450000000000,2.014200000000
1411494461,403.250000000000,0.716500000000
1411494461,403.250000000000,1.000000000000
1411494462,403.250000000000,0.269000000000
1411494462,403.250000000000,0.731000000000
1411494462,403.250000000000,0.362600000000
1411494462,403.250000000000,0.637400000000
1411494462,403.250000000000,0.283500000000
1411494462,403.250000000000,1.000000000000
1411494462,403.250000000000,0.533000000000
1411494463,403.250000000000,0.467000000000
1411494463,403.250000000000,1.000000000000
1411494463,403.250000000000,0.321200000000
1411494464,403.250000000000,1.000000000000
1411494464,403.250000000000,0.678800000000
1411494465,403.250000000000,0.378000000000
1411494466,403.250000000000,0.622000000000
1411494479,403.470000000000,2.156300000000
1411494561,405.000000000000,1.948300000000
1411494563,404.510000000000,1.533700000000
1411494564,404.510000000000,0.426700000000
1411494565,405.000000000000,2.024400000000
1411494566,405.000000000000,1.346300000000
1411494567,405.000000000000,1.465700000000
1411494567,405.000000000000,1.126600000000
1411494569,405.000000000000,0.955200000000
1411494569,405.000000000000,2.076700000000
1411494579,405.000000000000,1.716400000000
1411494596,405.000000000000,0.812100000000
1411494606,405.000000000000,1.014600000000
1411494609,405.000000000000,1.087600000000
1411494609,405.000000000000,1.329100000000
1411494610,405.000000000000,0.933800000000
1411494617,405.000000000000,1.933300000000
1411494618,405.000000000000,1.328700000000
1411494618,405.000000000000,2.034200000000
1411494619,405.000000000000,1.210800000000
1411494623,405.000000000000,1.798700000000
1411494627,405.000000000000,1.352800000000
1411494636,404.750000000000,0.500000000000
1411494639,405.000000000000,1.459500000000
1411494646,405.000000000000,0.500000000000
1411494659,404.020000000000,0.500000000000
1411494665,405.000000000000,0.884900000000
1411494670,405.000000000000,0.500000000000
1411494681,405.000000000000,0.500000000000
1411494686,405.000000000000,5.000000000000
1411494689,404.990000000000,1.129000000000
1411494691,404.990000000000,1.266200000000
1411494692,405.000000000000,1.617600000000
1411494696,405.000000000000,0.500000000000
1411494696,405.000000000000,1.488600000000
1411494703,404.960000000000,0.500000000000
1411494711,405.000000000000,1.160500000000
1411494725,405.000000000000,1.017700000000
1411494726,405.000000000000,1.695700000000
1411494735,404.200000000000,1.691300000000
1411494736,404.200000000000,0.706000000000
1411494737,405.000000000000,1.092400000000
1411494737,405.000000000000,1.250700000000
1411494742,405.000000000000,0.715500000000
1411494801,402.670000000000,1.743100000000
1411494818,403.070000000000,1.378400000000
1411494821,402.580000000000,0.713600000000
1411494854,405.000000000000,1.324400000000
1411494948,405.000000000000,2.008800000000
1411494948,405.000000000000,1.251700000000
1411494949,405.000000000000,0.808200000000
1411494986,405.000000000000,1.619300000000
1411494986,405.000000000000,0.795600000000
1411494994,404.870000000000,0.357400000000
1411495031,405.000000000000,0.500000000000
1411495035,405.000000000000,0.946200000000
1411495035,405.000000000000,1.499900000000
1411495036,405.000000000000,1.438900000000
1411495042,405.000000000000,0.500000000000
1411495052,405.000000000000,1.371600000000
1411495053,405.000000000000,0.500000000000
1411495058,405.000000000000,1.073900000000
1411495060,405.000000000000,1.213000000000
1411495061,405.000000000000,1.145100000000
1411495064,405.000000000000,0.500000000000
1411495066,405.000000000000,0.916100000000
1411495075,405.000000000000,0.500000000000
1411495086,405.000000000000,0.369800000000
1411495097,405.000000000000,0.369800000000
1411495102,405.000000000000,1.754200000000
1411495102,405.000000000000,1.499100000000
1411495102,405.000000000000,1.583700000000
1411495107,405.000000000000,1.425500000000
1411495108,405.000000000000,1.005400000000
1411495108,405.000000000000,0.843300000000
1411495108,405.000000000000,1.032200000000
1411495108,405.000000000000,0.369800000000
1411495109,405.000000000000,1.605500000000
1411495111,405.000000000000,21.350600000000
1411495120,406.350000000000,0.369800000000
1411495141,405.770000000000,0.500000000000
1411495143,405.760000000000,1.600800000000
1411495143,406.120000000000,2.520700000000
1411495143,406.120000000000,1.511000000000
1411495143,406.120000000000,1.309600000000
1411495144,406.120000000000,2.514900000000
1411495147,406.120000000000,0.543000000000
1411495152,406.270000000000,0.500000000000
1411495179,407.450000000000,0.500000000000
1411495190,407.450000000000,0.500000000000
1411495201,408.250000000000,0.115900000000
1411495201,407.450000000000,0.384100000000
1411495212,407.500000000000,0.096800000000
1411495223,407.480000000000,0.096800000000
1411495235,407.480000000000,0.096800000000
1411495518,410.000000000000,0.847500000000
1411495541,410.000000000000,0.752000000000
1411495546,410.000000000000,0.864700000000
1411495546,410.000000000000,0.797800000000
1411495547,410.000000000000,0.595400000000
1411495552,410.000000000000,1.125500000000
1411495552,410.000000000000,1.488400000000
1411495552,410.000000000000,1.512100000000
1411495552,410.000000000000,1.116600000000
1411495552,410.000000000000,1.443500000000
1411495553,410.000000000000,0.965500000000
1411495553,410.000000000000,1.400400000000
1411495553,410.000000000000,1.810100000000
1411495553,410.000000000000,1.169300000000
1411495572,410.000000000000,1.207300000000
1411495572,410.000000000000,1.294200000000
1411495573,410.000000000000,1.061900000000
1411495612,410.000000000000,1.716100000000
1411495612,410.000000000000,1.279900000000
1411495613,410.000000000000,0.502500000000
1411495613,410.000000000000,0.655500000000
1411495613,410.000000000000,0.542600000000
1411495613,410.000000000000,4.102000000000
1411495614,410.000000000000,0.500000000000
1411495614,410.000000000000,4.029600000000
1411495614,410.000000000000,1.651300000000
1411495614,410.000000000000,1.455900000000
1411495614,410.000000000000,4.095800000000
1411495614,410.000000000000,1.474400000000
1411495615,410.000000000000,1.447500000000
1411495615,410.000000000000,4.062000000000
1411495615,410.000000000000,3.642200000000
1411495615,410.000000000000,1.457300000000
1411495615,410.000000000000,1.345000000000
1411495615,410.000000000000,2.451300000000
1411495615,410.000000000000,3.282300000000
1411495615,410.000000000000,3.559500000000
1411495615,410.000000000000,1.370600000000
1411495616,410.000000000000,0.247900000000
1411495616,410.000000000000,3.793100000000
1411495616,410.000000000000,1.218200000000
1411495616,410.000000000000,1.586000000000
1411495616,410.000000000000,1.154600000000
1411495617,410.000000000000,0.611300000000
1411495617,410.000000000000,1.335700000000
1411495617,410.000000000000,0.577200000000
1411495618,410.000000000000,0.990900000000
1411495618,410.000000000000,1.440200000000
1411495619,410.000000000000,1.085100000000
1411495619,410.000000000000,1.296100000000
1411495619,410.000000000000,1.533100000000
1411495620,410.000000000000,1.088000000000
1411495620,410.000000000000,1.320600000000
1411495620,410.000000000000,0.444400000000
1411495621,410.000000000000,0.327200000000
1411495621,410.000000000000,1.438400000000
1411495622,410.000000000000,0.791300000000
1411495622,410.000000000000,1.534300000000
1411495622,410.000000000000,0.432800000000
1411495623,410.000000000000,1.016900000000
1411495623,410.000000000000,0.899700000000
1411495624,410.000000000000,1.301200000000
1411495625,410.000000000000,0.500000000000
1411495632,410.000000000000,0.564900000000
1411495633,410.000000000000,1.509400000000
1411495633,410.000000000000,1.472600000000
1411495634,410.000000000000,0.867600000000
1411495634,410.000000000000,0.891100000000
1411495639,410.000000000000,0.500000000000
1411495641,410.000000000000,0.453600000000
1411495641,410.000000000000,1.323400000000
1411495642,410.000000000000,0.377700000000
1411495647,410.000000000000,0.012000000000
1411495651,410.830000000000,0.500000000000
1411495662,411.100000000000,0.154500000000
1411495673,411.410000000000,0.154500000000
1411495684,411.850000000000,0.154500000000
1411495695,413.000000000000,0.154500000000
1411495706,413.000000000000,0.154500000000
1411495717,412.530000000000,0.154500000000
1411495729,413.000000000000,0.500000000000
1411495732,412.050000000000,0.092700000000
1411495732,412.050000000000,0.109700000000
1411495733,412.050000000000,0.090100000000
1411495737,412.050000000000,0.099700000000
1411495739,411.970000000000,0.096400000000
1411495741,411.970000000000,0.500000000000
1411495748,411.680000000000,0.109900000000
1411495751,411.320000000000,0.100500000000
1411495752,411.320000000000,0.100500000000
1411495752,411.320000000000,0.500000000000
1411495773,413.670000000000,0.500000000000
1411495784,412.560000000000,0.500000000000
1411495796,412.560000000000,0.116600000000
1411495808,412.940000000000,0.116600000000
1411495818,414.310000000000,0.116600000000
1411495831,415.000000000000,0.116600000000
1411495840,414.490000000000,6.963600000000
1411495840,415.000000000000,4.703200000000
1411495840,413.530000000000,2.133200000000
1411495842,414.040000000000,0.116600000000
1411495853,414.830000000000,0.116600000000
1411495864,414.100000000000,0.500000000000
1411495875,414.880000000000,0.500000000000
1411495875,414.880000000000,0.055500000000
1411495886,414.820000000000,0.500000000000
1411495899,415.000000000000,0.500000000000
1411495910,414.970000000000,0.500000000000
1411495920,415.000000000000,0.453900000000
1411495921,415.000000000000,1.643600000000
1411495921,415.000000000000,1.664800000000
1411495939,415.000000000000,0.076300000000
1411495942,413.550000000000,0.500000000000
1411495956,414.250000000000,0.220000000000
1411495957,415.000000000000,2.816700000000
1411495957,415.000000000000,1.319500000000
1411495957,415.000000000000,1.390800000000
1411495957,415.000000000000,0.341400000000
1411495957,415.000000000000,2.434900000000
1411495958,415.000000000000,0.318300000000
1411495958,415.000000000000,1.224700000000
1411495958,415.000000000000,0.541600000000
1411495962,415.000000000000,0.181400000000
1411495962,415.000000000000,0.603600000000
1411495962,415.000000000000,1.346200000000
1411495962,415.000000000000,1.407700000000
1411495963,415.000000000000,0.551600000000
1411495963,415.000000000000,0.395200000000
1411495970,415.000000000000,1.560000000000
1411495970,415.000000000000,0.574500000000
1411495970,415.000000000000,0.302100000000
1411495974,415.000000000000,0.739000000000
1411495975,415.000000000000,1.011600000000
1411496002,415.000000000000,1.519700000000
1411496003,415.000000000000,1.364300000000
1411496003,415.000000000000,0.169800000000
1411496016,415.000000000000,0.778100000000
1411496016,415.000000000000,0.637000000000
1411496016,415.000000000000,0.339500000000
1411496017,415.000000000000,0.242700000000
1411496087,415.000000000000,1.396100000000
1411496087,415.000000000000,1.076400000000
1411496087,415.000000000000,0.564600000000
1411496087,415.000000000000,0.516600000000
1411496091,415.000000000000,0.034000000000
1411496108,415.000000000000,1.200300000000
1411496108,415.000000000000,0.442300000000
1411496108,415.000000000000,0.823200000000
1411496108,415.000000000000,1.125100000000
1411496109,415.000000000000,0.439100000000
1411496117,415.000000000000,1.060000000000
1411496117,415.000000000000,1.137500000000
1411496117,415.000000000000,0.411600000000
1411496119,415.000000000000,0.783900000000
1411496119,415.000000000000,1.509900000000
1411496120,415.000000000000,1.058600000000
1411496120,415.000000000000,0.526900000000
1411496141,415.000000000000,0.788100000000
1411496142,415.000000000000,0.809000000000
1411496143,415.000000000000,1.182100000000
1411496144,415.000000000000,0.170700000000
1411496145,415.000000000000,0.995500000000
1411496147,415.000000000000,1.427000000000
1411496147,415.000000000000,0.519700000000
1411496152,415.000000000000,1.403200000000
1411496153,415.000000000000,1.517000000000
1411496157,415.000000000000,0.360000000000
1411496157,415.000000000000,1.356300000000
1411496158,415.000000000000,0.468300000000
1411496159,415.000000000000,0.584000000000
1411496160,415.000000000000,0.344600000000
1411496160,415.000000000000,0.329800000000
1411496160,415.000000000000,0.410000000000
1411496160,415.000000000000,0.885400000000
1411496160,415.000000000000,0.497400000000
1411496161,415.000000000000,0.610400000000
1411496175,415.000000000000,0.100500000000
1411496175,415.000000000000,0.916200000000
1411496176,415.000000000000,1.495200000000
1411496176,415.000000000000,0.057000000000
1411496177,415.000000000000,0.737700000000
1411496177,415.000000000000,0.471000000000
1411496177,415.000000000000,0.221700000000
1411496178,415.000000000000,1.029300000000
1411496189,414.980000000000,1.468700000000
1411496189,414.990000000000,0.185500000000
1411496190,415.000000000000,5.000000000000
1411496190,415.000000000000,32.936500000000
1411496221,415.520000000000,0.086300000000
1411496225,415.520000000000,0.500000000000
1411496286,416.470000000000,0.049400000000
1411496324,418.270000000000,0.317600000000
1411496334,417.320000000000,0.031200000000
1411496400,417.590000000000,0.500000000000
1411496465,421.120000000000,1.200000000000
1411496596,428.580000000000,2.866800000000
1411496596,427.650000000000,2.133200000000
1411496628,429.140000000000,6.189600000000
1411496628,428.450000000000,2.427400000000
1411496628,430.000000000000,2.891900000000
1411496629,430.000000000000,2.106100000000
1411496629,430.000000000000,6.206100000000
1411496629,430.000000000000,2.315400000000
1411496629,430.000000000000,1.394300000000
1411496629,430.000000000000,6.043400000000
1411496630,430.000000000000,1.554000000000
1411496630,430.000000000000,1.367000000000
1411496630,430.000000000000,1.849300000000
1411496630,430.000000000000,2.724600000000
1411496634,430.000000000000,1.700400000000
1411496636,430.000000000000,5.793200000000
1411496636,430.000000000000,5.437300000000
1411496821,436.470000000000,2.250100000000
1411496821,437.500000000000,2.007800000000
1411496821,437.250000000000,6.863800000000
1411496823,437.500000000000,1.586000000000
1411496828,437.500000000000,1.677600000000
1411496830,437.500000000000,1.327700000000
1411496831,437.500000000000,1.388700000000
1411496832,437.500000000000,2.436900000000
1411496832,437.500000000000,5.502600000000
1411496832,437.500000000000,2.554600000000
1411496832,437.500000000000,2.277300000000
1411496832,437.500000000000,1.598300000000
1411496832,437.500000000000,1.394400000000
1411496832,437.500000000000,1.442900000000
1411496832,437.500000000000,2.424200000000
1411496832,437.500000000000,1.704500000000
1411496833,437.500000000000,5.126800000000
1411496833,437.500000000000,1.293400000000
1411496833,437.500000000000,5.142400000000
1411497077,440.500000000000,1.276400000000
1411497077,440.500000000000,1.676400000000
1411497078,440.500000000000,1.417300000000
1411497078,440.500000000000,1.855400000000
1411497084,440.500000000000,2.563900000000
1411497111,440.500000000000,1.210600000000
1411497183,435.000000000000,1.000000000000
1411497184,435.000000000000,0.929200000000
1411497184,435.000000000000,0.070800000000
1411497184,435.000000000000,1.000000000000
1411497184,435.000000000000,1.000000000000
1411497189,435.000000000000,1.000000000000
1411497189,435.000000000000,0.235600000000
1411497190,435.000000000000,0.613000000000
1411497190,435.000000000000,0.716600000000
1411497190,435.000000000000,0.387000000000
1411497190,435.000000000000,0.221000000000
1411497190,435.000000000000,0.764400000000
1411497191,435.000000000000,1.000000000000
1411497191,435.000000000000,1.000000000000
1411497191,435.000000000000,0.062400000000
1411497193,437.000000000000,0.764000000000
1411497197,437.000000000000,1.738100000000
1411497242,430.000000000000,0.252000000000
1411497242,430.000000000000,1.000000000000
1411497243,430.000000000000,0.748000000000
1411497244,430.000000000000,0.597600000000
1411497244,430.000000000000,0.072500000000
1411497244,430.000000000000,0.927500000000
1411497247,430.000000000000,0.402400000000
1411497248,430.000000000000,0.516400000000
1411497250,430.000000000000,0.483600000000
1411497250,430.000000000000,0.189000000000
1411497250,430.000000000000,0.811000000000
1411497251,430.000000000000,1.000000000000
1411497251,430.000000000000,1.000000000000
1411497251,430.000000000000,0.894400000000
1411497251,430.000000000000,1.000000000000
1411497251,430.000000000000,0.105600000000
1411497259,421.400000000000,0.596800000000
1411497271,430.000000000000,0.449400000000
1411497273,430.000000000000,0.408600000000
1411497274,430.000000000000,3.616100000000
1411497274,430.000000000000,1.356900000000
1411497279,430.000000000000,1.769500000000
1411497298,427.000000000000,0.102900000000
1411497307,426.630000000000,0.109500000000
1411497307,427.410000000000,0.097800000000
1411497316,428.720000000000,0.102000000000
1411497322,430.000000000000,0.334400000000
1411497323,430.000000000000,0.886600000000
1411497327,430.000000000000,1.623800000000
1411497327,430.000000000000,1.718300000000
1411497328,424.230000000000,0.099800000000
1411497342,430.000000000000,0.698200000000
1411497347,430.000000000000,1.577100000000
1411497348,430.000000000000,3.031700000000
1411497350,430.000000000000,3.192400000000
1411497350,430.000000000000,1.511200000000
1411497350,430.000000000000,5.745600000000
1411497351,430.000000000000,0.332600000000
1411497351,430.000000000000,0.740300000000
1411497351,430.000000000000,2.621600000000
1411497351,430.000000000000,1.069800000000
1411497352,430.000000000000,2.649400000000
1411497352,430.000000000000,5.811300000000
1411497352,430.000000000000,1.330100000000
1411497352,430.000000000000,3.531700000000
1411497353,430.000000000000,0.989300000000
1411497357,430.000000000000,0.205300000000
1411497362,426.050000000000,0.108600000000
1411497410,425.000000000000,1.882300000000
1411497411,425.000000000000,0.617700000000
1411497437,430.000000000000,2.135700000000
1411497437,430.000000000000,0.845200000000
1411497542,427.000000000000,1.798500000000
1411497542,427.000000000000,2.495900000000
1411497542,427.000000000000,0.705600000000
1411497589,430.000000000000,3.500000000000
1411497672,427.500000000000,0.426700000000
1411497673,427.500000000000,0.432800000000
1411497673,427.500000000000,1.640500000000
1411498131,420.000000000000,0.968700000000
1411498131,420.000000000000,3.204800000000
1411498132,420.000000000000,2.460400000000
1411498132,420.000000000000,0.830500000000
1411498132,420.000000000000,0.948500000000
1411498132,420.000000000000,4.748200000000
1411498132,420.000000000000,0.327500000000
1411498137,420.000000000000,3.184600000000
1411498137,420.000000000000,2.405400000000
1411498137,420.000000000000,0.344600000000
1411498138,420.000000000000,0.449500000000
1411498138,420.000000000000,0.267400000000
1411498138,420.000000000000,0.390800000000
1411498138,420.000000000000,1.526300000000
1411498138,420.000000000000,1.591600000000
1411498138,420.000000000000,2.601400000000
1411498138,420.000000000000,1.484900000000
1411498138,420.000000000000,0.710500000000
1411498139,420.000000000000,0.265600000000
1411498139,420.000000000000,0.260500000000
1411498139,420.000000000000,0.561300000000
1411498139,420.000000000000,0.136200000000
1411498139,420.000000000000,0.795800000000
1411498139,420.000000000000,0.553900000000
1411498139,420.000000000000,0.916900000000
1411498139,420.000000000000,0.720300000000
1411498139,420.000000000000,0.358800000000
1411498140,420.000000000000,0.638900000000
1411498140,420.000000000000,0.070500000000
1411498140,420.000000000000,0.899600000000
1411498140,420.000000000000,0.921300000000
1411498140,420.000000000000,1.425200000000
1411498140,420.000000000000,0.732100000000
1411498140,420.000000000000,0.606500000000
1411498141,420.000000000000,1.100800000000
1411498141,420.000000000000,1.078400000000
1411498141,420.000000000000,0.670300000000
1411498142,420.000000000000,1.253600000000
1411498142,420.000000000000,0.377100000000
1411498142,420.000000000000,0.941500000000
1411498142,420.000000000000,0.682200000000
1411498143,420.000000000000,0.330500000000
1411498143,420.000000000000,0.661600000000
1411498145,420.000000000000,1.339000000000
1411498145,420.000000000000,1.139700000000
1411498145,420.000000000000,0.519000000000
1411498146,420.000000000000,0.623800000000
1411498146,420.000000000000,0.073700000000
1411498155,420.000000000000,0.465800000000
1411498155,420.000000000000,0.325100000000
1411498176,420.000000000000,1.180300000000
1411498176,420.000000000000,0.820900000000
1411498177,420.000000000000,0.067000000000
1411498182,420.000000000000,0.420600000000
1411498182,420.000000000000,0.011200000000
1411498183,420.000000000000,0.171300000000
1411498183,420.000000000000,0.437500000000
1411498184,420.000000000000,0.158800000000
1411498184,420.000000000000,1.233000000000
1411498185,420.000000000000,0.339700000000
1411498185,420.000000000000,0.231600000000
1411498186,420.000000000000,1.288600000000
1411498187,420.000000000000,1.216600000000
1411498187,420.000000000000,1.374200000000
1411498187,420.000000000000,0.479800000000
1411498188,420.000000000000,0.396800000000
1411498188,420.000000000000,1.276400000000
1411498189,420.000000000000,0.026800000000
1411498189,420.000000000000,0.902900000000
1411498190,420.000000000000,1.321000000000
1411498190,420.000000000000,1.365100000000
1411498191,420.000000000000,0.797800000000
1411498191,420.000000000000,0.336600000000
1411498191,420.000000000000,0.009500000000
1411498192,420.000000000000,0.571800000000
1411498192,420.000000000000,1.098500000000
1411498192,420.000000000000,1.418200000000
1411498193,420.000000000000,0.112800000000
1411498193,420.000000000000,0.481200000000
1411498221,420.000000000000,1.007100000000
1411498221,420.000000000000,0.849600000000
1411498222,420.000000000000,0.248500000000
1411498222,420.000000000000,0.852100000000
1411498223,420.000000000000,1.427800000000
1411498223,420.000000000000,1.154700000000
1411498227,420.000000000000,0.453500000000
1411498236,420.000000000000,0.625900000000
1411498236,420.000000000000,1.109700000000
1411498237,420.000000000000,1.028900000000
1411498237,420.000000000000,0.916100000000
1411498237,420.000000000000,0.012800000000
1411498238,420.000000000000,0.402700000000
1411498238,420.000000000000,1.002300000000
1411498241,420.000000000000,1.482100000000
1411498241,420.000000000000,0.328300000000
1411498241,420.000000000000,0.386400000000
1411498242,420.000000000000,1.120400000000
1411498242,420.000000000000,0.402100000000
1411498243,420.000000000000,1.324000000000
1411498243,420.000000000000,1.218600000000
1411498244,420.000000000000,0.057600000000
1411498245,420.000000000000,1.208100000000
1411498245,420.000000000000,1.481400000000
1411498245,420.000000000000,0.847400000000
1411498246,420.000000000000,0.235100000000
1411498246,420.000000000000,0.052800000000
1411498251,420.000000000000,1.246000000000
1411498252,420.000000000000,0.481900000000
1411498252,420.000000000000,1.105900000000
1411498252,420.000000000000,1.388400000000
1411498253,420.000000000000,1.170600000000
1411498253,420.000000000000,1.290200000000
1411498254,420.000000000000,0.708000000000
1411498254,420.000000000000,1.399500000000
1411498254,420.000000000000,0.173400000000
1411498255,420.000000000000,0.362500000000
1411498375,423.000000000000,1.628700000000
1411498375,422.720000000000,2.955800000000
1411498376,423.000000000000,2.598700000000
1411498376,423.000000000000,2.614500000000
1411498376,423.000000000000,1.628000000000
1411498586,424.600000000000,0.144300000000
1411498586,423.000000000000,13.574300000000
1411498586,424.000000000000,5.000000000000
1411498586,423.800000000000,2.752000000000
1411498589,422.760000000000,4.560600000000
1411498594,420.000000000000,0.014200000000
1411498594,420.010000000000,50.000000000000
1411498594,420.890000000000,8.477900000000
1411498594,420.000000000000,2.922800000000
1411498594,421.800000000000,6.246500000000
1411498594,420.000000000000,0.560700000000
1411498594,420.000000000000,1.138400000000
1411498594,420.000000000000,4.608300000000
1411498738,424.500000000000,1.749300000000
1411498738,424.500000000000,1.973900000000
1411498738,424.500000000000,1.276800000000
1411498789,426.200000000000,7.013500000000
1411498789,427.000000000000,0.241400000000
1411498789,425.380000000000,2.745100000000
1411498891,428.540000000000,1.935000000000
1411498895,429.060000000000,1.790200000000
1411498895,429.060000000000,2.226600000000
1411498895,429.060000000000,2.679200000000
1411498896,429.060000000000,1.369000000000
1411498908,429.880000000000,2.247100000000
1411498908,430.000000000000,2.752900000000
1411498909,430.000000000000,43.565000000000
1411498932,430.670000000000,1.836300000000
1411498932,431.350000000000,7.300700000000
1411498937,431.380000000000,0.863000000000
1411498938,430.000000000000,2.049600000000
1411498938,430.000000000000,1.839500000000
1411498938,430.000000000000,2.545900000000
1411499058,433.500000000000,1.000000000000
1411499074,433.500000000000,0.162900000000
1411499074,433.500000000000,1.000000000000
1411499075,433.500000000000,0.107000000000
1411499075,433.500000000000,0.837100000000
1411499080,433.500000000000,0.893000000000
1411499080,433.500000000000,0.200600000000
1411499080,433.500000000000,0.433300000000
1411499080,433.500000000000,0.256000000000
1411499080,433.500000000000,0.111600000000
1411499080,433.500000000000,0.366100000000
1411499080,433.500000000000,0.888400000000
1411499081,433.500000000000,0.388400000000
1411499081,433.500000000000,0.284100000000
1411499081,433.500000000000,0.459900000000
1411499081,433.500000000000,0.023700000000
1411499081,433.500000000000,0.587900000000
1411499082,433.500000000000,0.305100000000
1411499082,433.500000000000,0.511700000000
1411499082,433.500000000000,0.488300000000
1411499082,433.500000000000,0.694900000000
1411499123,434.980000000000,1.000000000000
1411499123,434.980000000000,1.000000000000
1411499123,434.960000000000,1.713400000000
1411499127,434.980000000000,1.000000000000
1411499128,434.980000000000,1.000000000000
1411499128,434.980000000000,1.000000000000
1411499128,434.980000000000,1.000000000000
1411499128,434.980000000000,1.000000000000
1411499128,434.980000000000,1.000000000000
1411499129,434.980000000000,0.286600000000
1411499147,434.980000000000,0.129700000000
1411499147,434.170000000000,2.187600000000
1411499147,434.980000000000,0.713400000000
1411499147,434.800000000000,6.969300000000
1411499190,434.230000000000,0.185900000000
1411499190,434.230000000000,0.158700000000
1411499191,435.000000000000,0.160000000000
1411499191,434.980000000000,0.870300000000
1411499192,435.000000000000,1.081200000000
1411499192,435.000000000000,0.917300000000
1411499192,435.000000000000,1.221600000000
1411499193,435.000000000000,0.139000000000
1411499260,434.180000000000,6.080800000000
1411499260,433.310000000000,1.912500000000
1411499262,435.000000000000,2.006700000000
1411499345,430.000000000000,0.489600000000
1411499345,430.170000000000,1.658900000000
1411499345,431.110000000000,0.761900000000
1411499346,430.000000000000,1.767500000000
1411499346,430.000000000000,0.203100000000
1411499346,430.000000000000,0.987900000000
1411499346,430.000000000000,0.719400000000
1411499347,430.000000000000,0.585500000000
1411499347,430.000000000000,0.907000000000
1411499347,430.000000000000,1.252400000000
1411499348,430.000000000000,0.223100000000
1411499348,430.000000000000,0.272300000000
1411499348,430.000000000000,0.494100000000
1411499349,430.000000000000,0.039300000000
1411499349,430.000000000000,0.776800000000
1411499351,430.000000000000,0.996500000000
1411499353,430.000000000000,0.960100000000
1411499353,430.000000000000,0.957500000000
1411499354,430.000000000000,0.750700000000
1411499354,430.000000000000,0.377800000000
1411499355,430.000000000000,0.198500000000
1411499355,430.000000000000,0.703600000000
1411499355,430.000000000000,1.227200000000
1411499355,430.000000000000,1.322700000000
1411499356,430.000000000000,0.547800000000
1411499356,430.000000000000,1.278200000000
1411499356,430.000000000000,0.261700000000
1411499357,430.000000000000,0.908300000000
1411499357,430.000000000000,0.424500000000
1411499358,430.000000000000,0.226800000000
1411499358,430.000000000000,0.669200000000
1411499358,430.000000000000,1.092800000000
1411499359,430.000000000000,0.019100000000
1411499401,429.000000000000,1.000000000000
1411499401,429.000000000000,0.154200000000
1411499401,429.000000000000,1.000000000000
1411499402,429.000000000000,0.845800000000
1411499402,429.000000000000,0.794400000000
1411499406,429.000000000000,0.381400000000
1411499406,429.000000000000,0.618600000000
1411499406,429.000000000000,1.000000000000
1411499406,429.000000000000,0.205600000000
1411499406,429.000000000000,1.000000000000
1411499406,429.000000000000,1.000000000000
1411499406,429.000000000000,1.000000000000
1411499407,429.000000000000,0.516400000000
1411499407,429.000000000000,0.483600000000
1411499587,424.000000000000,2.989500000000
1411499587,424.000000000000,1.540300000000
1411499588,424.000000000000,0.470200000000
1411499632,425.660000000000,2.289100000000
1411499633,426.000000000000,0.661600000000
1411499633,426.000000000000,2.691200000000
1411499633,426.000000000000,1.754600000000
1411499633,426.000000000000,2.603500000000
1411499664,424.340000000000,1.524900000000
1411499665,425.000000000000,0.025400000000
1411499665,425.000000000000,2.178600000000
1411499665,424.910000000000,6.271100000000
1411499677,425.410000000000,0.071400000000
1411499677,425.410000000000,0.825000000000
1411499678,425.410000000000,0.990000000000
1411499678,425.410000000000,0.103600000000
1411499710,425.410000000000,0.698700000000
1411499710,425.410000000000,0.010000000000
1411499722,425.410000000000,0.301300000000
1411499722,425.410000000000,0.774300000000
1411499727,425.410000000000,0.774700000000
1411499727,425.410000000000,0.225700000000
1411499727,425.410000000000,0.225300000000
1411499756,424.960000000000,2.207600000000
1411499756,426.000000000000,0.658400000000
1411499756,425.870000000000,7.134000000000
1411499803,426.210000000000,2.080800000000
1411499806,427.000000000000,0.442000000000
1411499806,427.000000000000,1.907100000000
1411499806,427.000000000000,2.639700000000
1411499806,427.000000000000,2.930400000000
1411499918,430.000000000000,0.853100000000
1411499919,430.000000000000,0.813500000000
1411499919,430.000000000000,0.763700000000
1411499919,430.000000000000,0.593500000000
1411499920,430.000000000000,0.396300000000
1411499920,430.000000000000,0.623900000000
1411499947,430.000000000000,0.255000000000
1411499948,430.000000000000,1.041800000000
1411499953,430.000000000000,1.178600000000
1411499953,430.000000000000,1.422700000000
1411499956,430.000000000000,0.413400000000
1411499956,430.000000000000,1.427200000000
1411499956,430.000000000000,1.084000000000
1411499956,430.000000000000,1.295800000000
1411499956,430.000000000000,0.001000000000
1411499956,430.000000000000,0.916000000000
1411499957,430.000000000000,0.095500000000
1411499957,430.000000000000,1.327200000000
1411500284,426.590000000000,2.622600000000
1411500285,428.690000000000,10.476000000000
1411500285,427.590000000000,6.901400000000
1411500577,427.070000000000,1.931200000000
1411500577,427.070000000000,2.842300000000
1411500578,427.070000000000,2.407800000000
1411500597,427.070000000000,2.240200000000
1411500602,427.070000000000,0.578500000000
1411500738,423.750000000000,2.336200000000
1411500740,423.750000000000,1.772000000000
1411500740,423.750000000000,2.533900000000
1411500740,423.750000000000,1.829100000000
1411500740,423.750000000000,2.747300000000
1411500747,423.750000000000,2.820800000000
1411500942,423.750000000000,2.025200000000
1411500942,423.750000000000,2.745500000000
1411500945,423.750000000000,1.190000000000
1411501081,426.040000000000,1.506000000000
1411501081,424.960000000000,1.722900000000
1411501086,422.160000000000,11.245000000000
1411501086,420.750000000000,9.000000000000
1411501086,424.170000000000,5.832700000000
1411501086,423.050000000000,8.727900000000
1411501087,420.000000000000,3.098300000000
1411501087,420.000000000000,0.931500000000
1411501087,420.000000000000,5.761200000000
1411501087,420.000000000000,0.608100000000
1411501087,420.000000000000,7.992300000000
1411501087,420.000000000000,0.434000000000
1411501088,420.000000000000,2.715800000000
1411501088,420.000000000000,0.237700000000
1411501088,420.000000000000,9.448700000000
1411501088,420.000000000000,8.293700000000
1411501088,420.000000000000,5.783000000000
1411501089,420.000000000000,3.253900000000
1411501089,420.000000000000,7.011000000000
1411501089,420.000000000000,5.381500000000
1411501089,420.000000000000,1.014800000000
1411501956,427.490000000000,2.590000000000
1411502001,427.550000000000,2.210000000000
1411502072,426.950000000000,2.243900000000
1411502072,426.950000000000,1.671600000000
1411502082,426.950000000000,0.084500000000
1411502170,426.800000000000,1.905900000000
1411502171,426.800000000000,1.094100000000
1411502600,425.700000000000,1.000000000000
1411502767,424.700000000000,1.000000000000
1411502884,425.000000000000,2.240800000000
1411502884,424.970000000000,6.655300000000
1411502884,424.430000000000,1.519100000000
1411502885,425.000000000000,2.731300000000
1411502885,425.000000000000,2.816800000000
1411502941,425.000000000000,2.066900000000
1411505289,430.000000000000,1.370000000000
1411505290,430.000000000000,0.687600000000
1411505290,430.000000000000,1.607500000000
1411505290,430.000000000000,0.248600000000
1411505291,430.000000000000,1.335700000000
1411505291,430.000000000000,0.845000000000
1411505291,430.000000000000,0.408900000000
1411505291,430.000000000000,0.916200000000
1411505291,430.000000000000,0.831700000000
1411505292,430.000000000000,0.428900000000
1411505292,430.000000000000,0.214000000000
1411505292,430.000000000000,0.936300000000
1411505292,430.000000000000,0.316600000000
1411505293,430.000000000000,1.321100000000
1411505293,430.000000000000,0.256000000000
1411505294,430.000000000000,0.936600000000
1411505294,430.000000000000,0.507000000000
1411505295,430.000000000000,0.685200000000
1411505295,430.000000000000,1.504800000000
1411505295,430.000000000000,0.158600000000
1411505295,430.000000000000,1.186800000000
1411505296,430.000000000000,0.147100000000
1411505296,430.000000000000,0.319500000000
1411505296,430.000000000000,0.602100000000
1411505296,430.000000000000,0.726300000000
1411505297,430.000000000000,1.219500000000
1411505298,430.000000000000,0.290100000000
1411505298,430.000000000000,0.807900000000
1411505298,430.000000000000,0.975500000000
1411505298,430.000000000000,1.019800000000
1411505299,430.000000000000,0.229700000000
1411505299,430.000000000000,1.269300000000
1411505299,430.000000000000,0.159600000000
1411505299,430.000000000000,1.442900000000
1411505300,430.000000000000,0.439000000000
1411505300,430.000000000000,0.844500000000
1411505301,430.000000000000,0.656000000000
1411505301,430.000000000000,1.274600000000
1411505301,430.000000000000,1.001200000000
1411505302,430.000000000000,0.951200000000
1411505303,430.000000000000,0.593800000000
1411505303,430.000000000000,0.155200000000
1411505303,430.000000000000,0.393500000000
1411505304,430.000000000000,1.397400000000
1411505304,430.000000000000,1.213400000000
1411505308,430.000000000000,1.036500000000
1411505308,430.000000000000,0.672800000000
1411505308,430.000000000000,1.510800000000
1411505355,430.000000000000,0.419900000000
1411505355,430.000000000000,0.193700000000
1411505355,430.000000000000,1.299900000000
1411505356,430.000000000000,1.104300000000
1411505363,430.000000000000,0.057300000000
1411505363,430.000000000000,1.239800000000
1411505363,430.000000000000,0.187600000000
1411505364,430.000000000000,1.496600000000
1411505366,430.000000000000,0.415200000000
1411505367,430.000000000000,0.153200000000
1411505368,430.000000000000,0.616700000000
1411505368,430.000000000000,0.764000000000
1411505369,430.000000000000,1.396600000000
1411505369,430.000000000000,1.119100000000
1411505370,430.000000000000,0.528100000000
1411505392,427.820000000000,2.075900000000
1411505393,428.200000000000,1.924100000000
1411505393,430.000000000000,1.359900000000
1411505409,430.000000000000,0.030700000000
1411505409,430.000000000000,0.463000000000
1411505410,430.000000000000,1.056900000000
1411505410,430.000000000000,1.133500000000
1411505411,430.000000000000,0.847700000000
1411505411,430.000000000000,0.651100000000
1411505499,430.000000000000,0.893200000000
1411505507,430.000000000000,1.057100000000
1411505507,430.000000000000,0.247300000000
1411505507,430.000000000000,0.010500000000
1411505508,430.000000000000,0.115800000000
1411505509,430.000000000000,0.119800000000
1411505509,430.000000000000,0.821800000000
1411505510,430.000000000000,0.764700000000
1411505510,430.000000000000,1.322000000000
1411505511,430.000000000000,0.393300000000
1411505511,430.000000000000,1.103400000000
1411505752,432.000000000000,0.538700000000
1411505752,432.000000000000,0.107800000000
1411505752,432.000000000000,0.353500000000
1411505752,432.000000000000,0.702500000000
1411505752,432.140000000000,0.297500000000
1411505753,432.000000000000,0.462400000000
1411505756,432.000000000000,0.459400000000
1411505756,432.000000000000,0.537600000000
1411505756,432.000000000000,0.540600000000
1411505757,432.000000000000,0.815300000000
1411505757,432.000000000000,0.227500000000
1411505757,432.000000000000,0.184700000000
1411505757,432.000000000000,0.086200000000
1411505757,432.000000000000,0.913800000000
1411505758,432.000000000000,0.772500000000
1411505758,432.000000000000,0.344100000000
1411505758,432.000000000000,0.655900000000
1411505762,432.000000000000,1.000000000000
1411505762,432.000000000000,0.281800000000
1411505762,432.000000000000,0.354600000000
1411505763,432.000000000000,0.363600000000
1411505925,435.000000000000,1.362600000000
1411505925,435.000000000000,0.811100000000
1411505926,435.000000000000,1.204200000000
1411505926,435.000000000000,0.866600000000
1411505926,435.000000000000,0.003100000000
1411505927,435.000000000000,1.039300000000
1411505927,435.000000000000,1.202100000000
1411505930,435.000000000000,0.206600000000
1411505930,435.000000000000,0.450000000000
1411505930,435.000000000000,1.367000000000
1411505935,435.000000000000,0.503700000000
1411505935,435.000000000000,1.751700000000
1411505935,435.000000000000,1.177300000000
1411505935,435.000000000000,1.417100000000
1411505936,435.000000000000,0.162100000000
1411505936,435.000000000000,1.644400000000
1411505936,435.000000000000,0.047200000000
1411505936,435.000000000000,0.771100000000
1411505936,435.000000000000,1.962300000000
1411505936,435.000000000000,2.809400000000
1411505937,435.000000000000,1.185400000000
1411505937,435.000000000000,2.545000000000
1411505937,435.000000000000,0.397500000000
1411505937,435.000000000000,0.511000000000
1411505937,435.000000000000,1.034100000000
1411505937,435.000000000000,0.632200000000
1411505938,435.000000000000,1.675000000000
1411505938,435.000000000000,2.570300000000
1411505938,435.000000000000,1.408400000000
1411505938,435.000000000000,0.879700000000
1411505938,435.000000000000,1.830400000000
1411505939,435.000000000000,0.527100000000
1411505939,435.000000000000,0.176600000000
1411505939,435.000000000000,0.123000000000
1411505939,435.000000000000,1.403200000000
1411505939,435.000000000000,1.325700000000
1411505939,435.000000000000,0.277800000000
1411505939,435.000000000000,1.869800000000
1411505939,435.000000000000,0.131200000000
1411505940,435.000000000000,0.498700000000
1411505944,435.000000000000,1.274900000000
1411505944,435.000000000000,2.246000000000
1411505944,435.000000000000,1.005900000000
1411505945,435.000000000000,0.787900000000
1411505945,435.000000000000,0.120100000000
1411505945,435.000000000000,0.893100000000
1411505945,435.000000000000,0.170000000000
1411505945,435.000000000000,1.254400000000
1411505945,435.000000000000,2.345100000000
1411505946,435.000000000000,0.225700000000
1411505947,435.000000000000,0.447400000000
1411505947,435.000000000000,0.817300000000
1411505947,435.000000000000,1.008000000000
1411505947,435.000000000000,0.122300000000
1411505948,435.000000000000,1.193200000000
1411505948,435.000000000000,0.733800000000
1411505949,435.000000000000,1.144900000000
1411505949,435.000000000000,0.826600000000
1411505950,435.000000000000,0.825600000000
1411505950,435.000000000000,0.373300000000
1411505957,435.000000000000,0.146500000000
1411505980,435.000000000000,0.695700000000
1411505980,435.000000000000,1.358500000000
1411505986,435.000000000000,1.156300000000
1411505988,435.000000000000,0.340500000000
1411505989,435.000000000000,0.938100000000
1411505989,435.000000000000,0.716500000000
1411505989,435.000000000000,0.526900000000
1411505989,435.000000000000,0.635300000000
1411505989,435.000000000000,0.969700000000
1411505989,435.000000000000,1.459400000000
1411505989,435.000000000000,0.878900000000
1411505990,435.000000000000,1.375200000000
1411505992,435.000000000000,0.177300000000
1411505992,435.000000000000,0.081900000000
1411505992,435.000000000000,0.775300000000
1411505993,435.000000000000,1.189400000000
1411505994,434.740000000000,1.601900000000
1411505996,435.000000000000,18.398100000000
1411506337,431.000000000000,2.237700000000
1411506339,431.000000000000,1.512800000000
1411506339,431.000000000000,2.977700000000
1411506339,431.000000000000,7.144000000000
1411506339,431.000000000000,1.543900000000
1411506339,431.000000000000,6.098700000000
1411506339,431.000000000000,1.773200000000
1411506339,431.000000000000,2.799100000000
1411506340,431.000000000000,2.608700000000
1411506425,431.000000000000,1.956500000000
1411506425,431.000000000000,2.801800000000
1411506425,431.000000000000,2.107900000000
1411506426,431.000000000000,1.705000000000
1411506426,431.000000000000,2.086700000000
1411506443,431.000000000000,0.646300000000
1411507117,435.000000000000,0.135500000000
1411507117,435.000000000000,1.063500000000
1411507118,435.000000000000,1.134500000000
1411507137,435.000000000000,0.744700000000
1411507334,437.000000000000,1.104900000000
1411507335,437.000000000000,0.431600000000
1411507336,437.000000000000,0.957400000000
1411507336,437.000000000000,1.339000000000
1411507336,437.000000000000,0.401300000000
1411507370,437.000000000000,0.882100000000
1411507370,437.000000000000,1.397800000000
1411507371,437.000000000000,1.058900000000
1411507371,437.000000000000,1.469600000000
1411507371,437.000000000000,1.057700000000
1411507372,437.000000000000,1.244600000000
1411507372,437.000000000000,0.069200000000
1411507372,437.000000000000,0.671200000000
1411507373,437.000000000000,1.356100000000
1411507374,437.000000000000,1.256700000000
1411507383,437.000000000000,0.540500000000
1411507384,437.000000000000,0.646300000000
1411507920,435.500000000000,2.124700000000
1411507920,435.500000000000,2.484800000000
1411507991,435.500000000000,1.605800000000
1411507991,435.500000000000,1.928100000000
1411507992,435.500000000000,0.856600000000
1411508177,435.000000000000,0.820000000000
1411513694,424.000000000000,2.382600000000
1411513694,424.000000000000,1.225300000000
1411513694,424.000000000000,2.292100000000
1411515134,426.950000000000,1.400000000000
1411516436,429.130000000000,1.300000000000
1411519405,426.680000000000,1.876500000000
1411520126,426.120000000000,1.068900000000
1411520127,425.400000000000,2.717500000000
1411520131,424.320000000000,1.213600000000
1411523669,430.000000000000,0.634000000000
1411523673,430.000000000000,1.555100000000
1411523678,430.000000000000,1.421700000000
1411523681,430.000000000000,0.353300000000
1411523682,430.000000000000,0.894900000000
1411523683,430.000000000000,1.525700000000
1411523690,430.000000000000,1.263100000000
1411523691,430.000000000000,0.699800000000
1411523691,430.000000000000,1.248500000000
1411523691,430.000000000000,0.654500000000
1411523755,430.000000000000,1.543000000000
1411524142,429.640000000000,1.000000000000
1411524242,430.000000000000,0.836900000000
1411524242,430.000000000000,0.780000000000
1411524309,430.000000000000,1.299900000000
1411524309,430.000000000000,0.651900000000
1411524309,430.000000000000,1.110100000000
1411524310,430.000000000000,0.669200000000
1411524310,430.000000000000,0.540800000000
1411524316,430.000000000000,0.166200000000
1411524317,430.000000000000,1.037500000000
1411524318,430.000000000000,1.129600000000
1411524318,430.000000000000,0.816000000000
1411524319,430.000000000000,0.909700000000
1411524319,430.000000000000,0.354100000000
1411524320,430.000000000000,0.859100000000
1411524320,430.000000000000,0.357500000000
1411524321,430.000000000000,0.558100000000
1411524321,430.000000000000,0.579300000000
1411524321,430.000000000000,1.142600000000
1411524569,430.000000000000,0.946500000000
1411524570,430.000000000000,0.536000000000
1411524570,430.000000000000,0.688100000000
1411524570,430.000000000000,0.253700000000
1411524571,430.000000000000,1.198500000000
1411524571,430.000000000000,1.466000000000
1411524572,430.000000000000,0.921100000000
1411524572,430.000000000000,1.438900000000
1411524572,430.000000000000,1.550300000000
1411524572,430.000000000000,1.402600000000
1411525017,429.800000000000,2.421600000000
1411525018,429.800000000000,0.378400000000
1411525079,430.000000000000,0.580500000000
1411525079,430.000000000000,1.492200000000
1411525821,430.000000000000,0.679500000000
1411525822,430.000000000000,0.515500000000
1411525822,430.000000000000,0.778700000000
1411525823,430.000000000000,1.055500000000
1411525823,430.000000000000,1.484800000000
1411525824,430.000000000000,0.541000000000
1411525824,430.000000000000,1.337700000000
1411525932,430.000000000000,0.929700000000
1411526110,430.000000000000,0.826800000000
1411526110,430.000000000000,1.406800000000
1411526110,430.000000000000,0.967200000000
1411534479,425.160000000000,2.531100000000
1411534480,425.160000000000,2.050700000000
1411534515,425.160000000000,1.526900000000
1411534515,425.160000000000,1.181300000000
1411534515,425.160000000000,2.534900000000
1411534516,425.160000000000,0.175100000000
1411535563,426.000000000000,1.304600000000
1411535564,426.000000000000,1.695400000000
1411535800,427.000000000000,0.500000000000
1411539952,425.000000000000,0.622000000000
1411540700,422.890000000000,1.022200000000
1411540700,422.890000000000,2.151900000000
1411543335,425.640000000000,0.097700000000
1411544132,422.890000000000,0.967100000000
1411544132,422.890000000000,2.167200000000
1411544132,422.890000000000,1.996600000000
1411544133,422.890000000000,1.078600000000
1411544133,422.890000000000,0.616400000000
1411544787,421.060000000000,1.000000000000
1411544787,420.800000000000,1.197700000000
1411544788,420.800000000000,0.802300000000
1411545144,419.010000000000,1.235200000000
1411545145,419.350000000000,1.858100000000
1411545455,419.780000000000,1.000000000000
1411554271,419.000000000000,1.000000000000
1411555581,420.000000000000,1.000000000000
1411556245,420.120000000000,1.694700000000
1411556245,420.120000000000,3.305300000000
1411556245,420.100000000000,1.000000000000
1411558210,425.750000000000,2.259800000000
1411558211,425.750000000000,2.253000000000
1411558992,423.510000000000,0.487200000000
1411559400,424.500000000000,1.882400000000
1411559400,424.500000000000,0.973500000000
1411559401,424.500000000000,0.909100000000
1411559402,424.500000000000,1.089700000000
1411559408,424.360000000000,0.145300000000
1411559656,426.200000000000,0.091000000000
1411559704,425.730000000000,0.098500000000
1411559704,425.730000000000,0.901500000000
1411559704,426.200000000000,0.009000000000
1411559786,425.590000000000,0.100000000000
1411559876,424.720000000000,0.100000000000
1411559949,425.320000000000,0.100000000000
1411560057,425.340000000000,0.100000000000
1411560109,424.050000000000,0.098300000000
1411560183,425.110000000000,0.100000000000
1411560491,425.430000000000,1.000000000000
1411560491,425.700000000000,0.100000000000
1411561359,424.850000000000,0.100000000000
1411561514,423.870000000000,0.100000000000
1411561519,420.090000000000,0.100000000000
1411561537,408.600000000000,0.090000000000
1411561548,408.600000000000,3278.000000000000
1411561577,408.600000000000,449.710000000000
1411561608,421.760000000000,0.090000000000
1411561608,421.760000000000,0.100000000000
1411561614,424.200000000000,0.092100000000
1411561974,424.210000000000,0.100000000000
1411562311,424.390000000000,0.100000000000
1411562448,423.980000000000,0.100000000000
1411562629,423.980000000000,0.100000000000
1411562876,423.750000000000,1.000000000000
1411562876,424.320000000000,0.100000000000
1411563277,423.960000000000,0.100000000000
1411563457,424.290000000000,0.100000000000
1411563499,424.200000000000,0.100000000000
1411563768,425.080000000000,0.100000000000
1411563852,424.670000000000,0.100000000000
1411564069,424.620000000000,0.100000000000
1411564212,424.780000000000,0.100000000000
1411564248,425.000000000000,1.656300000000
1411564270,425.000000000000,0.974300000000
1411564270,425.000000000000,1.819000000000
1411564270,425.000000000000,1.978600000000
1411564271,425.000000000000,1.983400000000
1411564271,425.000000000000,0.726100000000
1411564276,424.960000000000,0.100000000000
1411564427,425.000000000000,1.791500000000
1411564428,425.000000000000,1.362700000000
1411564433,425.000000000000,1.489700000000
1411564436,425.000000000000,2.123000000000
1411564436,425.000000000000,1.832000000000
1411564437,425.000000000000,1.929700000000
1411564453,424.920000000000,0.100000000000
1411564507,424.820000000000,0.100000000000
1411564535,424.710000000000,0.100000000000
1411564684,424.770000000000,0.100000000000
1411565012,425.000000000000,2.109000000000
1411565012,425.000000000000,1.587600000000
1411565012,425.000000000000,1.557500000000
1411565013,425.000000000000,1.357800000000
1411565014,425.000000000000,1.979600000000
1411565014,425.000000000000,0.969500000000
1411565014,425.000000000000,1.573900000000
1411565017,425.000000000000,1.433600000000
1411565017,425.000000000000,1.554200000000
1411565017,425.000000000000,0.649000000000
1411565022,425.000000000000,1.100400000000
1411565036,424.980000000000,0.100000000000
1411565102,424.360000000000,0.100000000000
1411565205,424.930000000000,1.462900000000
1411565205,424.930000000000,2.372900000000
1411565207,424.920000000000,0.100000000000
1411565207,424.930000000000,1.164200000000
1411565233,425.000000000000,1.438400000000
1411565233,425.000000000000,1.475000000000
1411565235,425.000000000000,1.267100000000
1411565235,425.000000000000,1.623000000000
1411565235,425.000000000000,1.020200000000
1411565235,425.000000000000,1.744800000000
1411565235,425.000000000000,0.641500000000
1411565235,425.000000000000,0.857000000000
1411565236,425.000000000000,1.856200000000
1411565236,425.000000000000,1.786700000000
1411565236,425.000000000000,0.651700000000
1411565250,425.260000000000,0.100000000000
1411565369,424.750000000000,0.100000000000
1411565469,424.950000000000,0.100000000000
1411565479,424.580000000000,0.100000000000
1411565525,425.460000000000,0.100000000000
1411565531,426.000000000000,0.963200000000
1411565570,425.970000000000,0.100000000000
1411565740,425.230000000000,0.100000000000
1411566039,425.170000000000,0.100000000000
1411566303,426.000000000000,1.656300000000
1411566307,426.000000000000,1.485300000000
1411566312,426.000000000000,0.894500000000
1411566315,426.000000000000,1.766500000000
1411566316,426.000000000000,1.500700000000
1411566317,426.000000000000,1.952700000000
1411566317,426.000000000000,0.608600000000
1411566317,426.000000000000,0.826200000000
1411566317,426.000000000000,1.281200000000
1411566317,426.000000000000,1.359900000000
1411566317,426.000000000000,1.731800000000
1411566318,426.000000000000,0.590500000000
1411566318,426.000000000000,0.542700000000
1411566318,426.000000000000,0.808700000000
1411566318,426.000000000000,0.556400000000
1411566318,426.000000000000,4.048200000000
1411566318,426.000000000000,3.791900000000
1411566318,426.000000000000,0.714300000000
1411566318,426.000000000000,4.329500000000
1411566318,426.000000000000,0.805500000000
1411566319,426.000000000000,1.540200000000
1411566319,426.000000000000,1.096800000000
1411566319,426.000000000000,1.048400000000
1411566319,426.000000000000,1.024600000000
1411566319,426.000000000000,0.923200000000
1411566319,426.000000000000,3.187300000000
1411566319,426.000000000000,3.038600000000
1411566320,425.160000000000,0.100000000000
1411566320,426.000000000000,0.696700000000
1411566320,425.350000000000,0.100000000000
1411566320,426.000000000000,1.652900000000
1411566320,426.000000000000,1.674600000000
1411566320,426.000000000000,0.647100000000
1411566331,426.000000000000,1.209200000000
1411566332,426.000000000000,0.045800000000
1411566360,426.530000000000,0.100000000000
1411566411,425.110000000000,0.100000000000
1411566454,426.470000000000,0.100000000000
1411566459,427.000000000000,0.887200000000
1411566459,427.000000000000,1.764100000000
1411566460,427.000000000000,0.806000000000
1411566460,427.000000000000,1.077800000000
1411566461,427.000000000000,0.771400000000
1411566461,427.000000000000,0.724700000000
1411566461,427.000000000000,1.393100000000
1411566470,427.000000000000,1.242300000000
1411566470,427.000000000000,0.407300000000
1411566470,427.000000000000,1.063400000000
1411566471,427.000000000000,1.280200000000
1411566471,427.000000000000,0.481300000000
1411566472,427.000000000000,0.873200000000
1411566473,427.000000000000,1.250500000000
1411566473,427.000000000000,0.373400000000
1411566474,427.000000000000,1.455900000000
1411566474,427.000000000000,1.426600000000
1411566500,427.000000000000,0.466700000000
1411566501,427.000000000000,1.700300000000
1411566506,427.000000000000,1.603800000000
1411566507,427.000000000000,1.728500000000
1411566507,427.000000000000,1.059300000000
1411566509,426.940000000000,0.100000000000
1411566584,427.000000000000,1.317000000000
1411566584,427.000000000000,1.268400000000
1411566585,427.000000000000,0.487600000000
1411566586,427.000000000000,1.696600000000
1411566586,427.000000000000,1.767900000000
1411566586,427.000000000000,1.474800000000
1411566590,427.000000000000,0.553900000000
1411566590,427.000000000000,0.625300000000
1411566590,427.000000000000,1.028300000000
1411566591,427.000000000000,0.573800000000
1411566593,427.000000000000,0.679800000000
1411566593,427.000000000000,0.327800000000
1411566608,426.980000000000,0.100000000000
1411566737,425.330000000000,0.300000000000
1411566831,426.290000000000,0.100000000000
1411566872,425.880000000000,0.100000000000
1411566948,425.920000000000,0.100000000000
1411567051,427.000000000000,0.579900000000
1411567053,427.000000000000,0.297200000000
1411567053,427.000000000000,1.755300000000
1411567054,427.000000000000,0.472200000000
1411567054,427.000000000000,0.670000000000
1411567058,427.000000000000,0.310200000000
1411567063,427.000000000000,1.194900000000
1411567066,427.000000000000,0.954500000000
1411567067,425.930000000000,0.100000000000
1411567067,427.000000000000,0.871300000000
1411567067,427.000000000000,1.267400000000
1411567067,426.900000000000,0.100000000000
1411567069,427.000000000000,0.379800000000
1411567069,427.000000000000,1.618100000000
1411567072,425.840000000000,0.100000000000
1411567130,426.500000000000,0.100000000000
1411567178,427.000000000000,0.868900000000
1411567178,427.000000000000,1.311600000000
1411567179,427.000000000000,1.609700000000
1411567180,427.000000000000,0.200800000000
1411567185,426.710000000000,0.100000000000
1411567232,427.170000000000,0.100000000000
1411567260,426.570000000000,0.100000000000
1411567349,426.100000000000,0.345000000000
1411567380,426.100000000000,0.005000000000
1411567383,426.030000000000,0.100000000000
1411567416,426.150000000000,0.000300000000
1411567844,426.440000000000,0.100000000000
1411567939,425.980000000000,0.100000000000
1411568011,426.160000000000,0.100000000000
1411568124,425.830000000000,0.100000000000
1411568339,425.450000000000,0.100000000000
1411568694,425.190000000000,0.100000000000
1411568820,424.990000000000,0.100000000000
1411569004,426.730000000000,0.100000000000
1411569169,426.490000000000,0.100000000000
1411569362,426.080000000000,0.010000000000
1411569452,426.080000000000,0.010000000000
1411569462,426.080000000000,0.010000000000
1411569480,426.080000000000,0.070000000000
1411569690,426.420000000000,1.440000000000
1411569914,426.520000000000,0.100000000000
1411570209,425.530000000000,0.100000000000
1411570209,425.720000000000,0.100000000000
1411570252,425.290000000000,0.100000000000
1411570368,425.480000000000,0.100000000000
1411570569,425.470000000000,0.100000000000
1411570608,425.340000000000,0.100000000000
1411570713,425.500000000000,2.631000000000
1411570713,425.350000000000,1.391100000000
1411570713,425.500000000000,1.636100000000
1411570714,425.500000000000,1.586300000000
1411570806,426.730000000000,0.100000000000
1411570853,425.840000000000,0.100000000000
1411570905,425.930000000000,0.100000000000
1411571009,425.520000000000,0.100000000000
1411571169,425.490000000000,0.100000000000
1411571239,424.810000000000,0.100000000000
1411571344,423.930000000000,1.000000000000
1411571454,423.950000000000,0.100000000000
1411571556,423.390000000000,0.100000000000
1411571865,424.740000000000,0.100000000000
1411572005,424.830000000000,0.100000000000
1411572099,424.610000000000,0.100000000000
1411572100,424.600000000000,2.036000000000
1411572102,424.600000000000,1.936700000000
1411572103,424.600000000000,1.978800000000
1411572103,424.600000000000,1.906600000000
1411572103,424.600000000000,1.410500000000
1411572241,425.800000000000,1.542100000000
1411572241,426.000000000000,1.120600000000
1411572242,426.000000000000,1.674800000000
1411572243,426.000000000000,1.341600000000
1411572243,426.000000000000,2.113600000000
1411572243,426.000000000000,2.207300000000
1411572285,426.010000000000,0.100000000000
1411572371,426.490000000000,1.745500000000
1411572431,427.120000000000,0.100000000000
1411572461,426.640000000000,0.100000000000
1411572670,426.690000000000,0.100000000000
1411572865,426.990000000000,0.100000000000
1411572885,426.570000000000,0.100000000000
1411573250,426.000000000000,0.001700000000
1411573601,425.440000000000,0.109100000000
1411574432,423.980000000000,0.098700000000
1411574437,423.980000000000,0.108700000000
1411574446,423.980000000000,0.108500000000
1411574455,423.980000000000,0.095200000000
1411574475,424.120000000000,0.095800000000
1411574488,424.850000000000,0.091200000000
1411575206,425.590000000000,0.700000000000
1411577004,426.370000000000,0.059200000000
1411577271,427.130000000000,0.900000000000
1411577285,426.200000000000,0.094100000000
1411577290,426.200000000000,0.011100000000
1411577291,426.200000000000,0.091800000000
1411577327,425.810000000000,0.097200000000
1411577332,425.810000000000,0.098800000000
1411577346,426.310000000000,0.098800000000
1411577745,426.490000000000,0.628900000000
1411583220,425.930000000000,0.200000000000
1411583266,425.640000000000,0.200000000000
1411583280,424.120000000000,0.200000000000
1411583345,425.970000000000,0.200000000000
1411583474,425.050000000000,0.200000000000
1411583585,425.550000000000,0.200000000000
1411583642,425.570000000000,0.200000000000
1411583921,425.120000000000,0.200000000000
1411583946,424.920000000000,0.200000000000
1411583967,425.230000000000,0.200000000000
1411585516,422.950000000000,2.224800000000
1411585516,422.950000000000,0.200000000000
1411585517,422.940000000000,1.531800000000
1411585517,422.950000000000,0.075200000000
1411585576,422.950000000000,0.200000000000
1411585577,422.940000000000,2.224400000000
1411585577,422.940000000000,1.868100000000
1411585578,422.940000000000,2.034600000000
1411585593,422.950000000000,0.200000000000
1411585594,422.940000000000,1.981500000000
1411585649,422.950000000000,0.200000000000
1411585649,422.940000000000,0.359600000000
1411585757,422.940000000000,0.200000000000
1411585840,422.840000000000,0.200000000000
1411585945,422.950000000000,1.549000000000
1411585945,422.950000000000,1.769400000000
1411585945,423.250000000000,0.200000000000
1411585946,422.950000000000,1.261000000000
1411586065,423.280000000000,0.200000000000
1411586117,423.220000000000,0.200000000000
1411586184,423.270000000000,0.200000000000
1411586184,423.270000000000,0.969000000000
1411586281,422.960000000000,0.200000000000
1411586283,422.950000000000,0.420600000000
1411586725,423.510000000000,0.200000000000
1411586752,424.820000000000,0.200000000000
1411587189,426.270000000000,1.120100000000
1411587189,426.270000000000,1.315600000000
1411587677,426.830000000000,0.200000000000
1411587680,426.720000000000,1.378700000000
1411587680,426.720000000000,1.185600000000
1411587681,426.290000000000,0.200000000000
1411587714,425.620000000000,0.200000000000
1411588058,426.260000000000,0.200000000000
1411588369,425.280000000000,0.200000000000
1411588397,425.150000000000,0.200000000000
1411588508,425.080000000000,0.200000000000
1411588509,425.070000000000,2.174000000000
1411588509,425.070000000000,0.971300000000
1411588510,425.070000000000,1.294200000000
1411588515,425.080000000000,0.200000000000
1411588520,425.080000000000,0.560500000000
1411588628,425.470000000000,0.200000000000
1411588733,425.580000000000,0.200000000000
1411588869,425.900000000000,0.200000000000
1411589101,425.900000000000,0.200000000000
1411589104,425.900000000000,1.481200000000
1411589116,425.540000000000,1.468000000000
1411589117,425.910000000000,2.050800000000
1411590628,425.510000000000,1.760100000000
1411590628,425.510000000000,1.687900000000
1411590629,425.510000000000,1.022800000000
1411592126,425.600000000000,1.258100000000
1411592127,425.720000000000,1.712200000000
1411592127,425.720000000000,1.767200000000
1411592447,425.640000000000,0.262500000000
1411598635,422.240000000000,0.901000000000
1411598639,422.240000000000,0.299000000000
1411601124,420.410000000000,1.772000000000
1411601124,420.410000000000,1.893500000000
1411601135,420.410000000000,1.334500000000
1411603556,420.590000000000,1.549900000000
1411603557,420.590000000000,2.101300000000
1411603557,420.590000000000,1.348800000000
1411604964,420.600000000000,1.388200000000
1411604964,420.600000000000,1.520300000000
1411604964,420.600000000000,2.091500000000
1411607809,418.520000000000,0.869200000000
1411607809,418.520000000000,1.933100000000
1411607809,418.520000000000,1.116500000000
1411607898,418.900000000000,0.831200000000
1411614542,413.070000000000,1.721100000000
1411614543,413.070000000000,0.623600000000
1411625060,410.910000000000,7.719600000000
1411625060,411.950000000000,4.491800000000
1411625060,412.830000000000,1.842600000000
1411626097,412.860000000000,1.213500000000
1411626098,412.860000000000,1.123200000000
1411626282,412.470000000000,1.482500000000
1411626283,412.470000000000,0.569400000000
1411626500,410.730000000000,1.665500000000
1411626632,410.080000000000,0.178600000000
1411626687,409.650000000000,1.437300000000
1411626707,406.510000000000,0.104200000000
1411626814,406.360000000000,1.271500000000
1411626815,406.360000000000,0.171600000000
1411627015,405.940000000000,1.340900000000
1411627237,405.750000000000,0.724800000000
1411627238,405.750000000000,1.123000000000
1411628068,408.440000000000,2.036200000000
1411628069,408.440000000000,0.337900000000
1411628656,409.570000000000,1.650100000000
1411628657,409.570000000000,0.722200000000
1411629909,407.340000000000,1.295900000000
1411629910,407.340000000000,0.346000000000
1411635362,408.710000000000,0.093800000000
1411635405,408.800000000000,0.090300000000
1411635845,406.540000000000,0.961200000000
1411639262,411.690000000000,0.083700000000
1411642121,411.570000000000,0.083700000000
1411647738,404.000000000000,1.591200000000
1411647738,406.360000000000,2.223600000000
1411647738,405.560000000000,5.414800000000
1411647738,404.770000000000,8.538100000000
1411647738,404.000000000000,1.607500000000
1411647738,404.000000000000,0.831000000000
1411647738,404.000000000000,5.034600000000
1411647739,404.000000000000,4.759200000000
1411648484,408.350000000000,1.186800000000
1411648592,405.100000000000,0.089900000000
1411648667,406.540000000000,0.089900000000
1411648852,405.750000000000,0.050300000000
1411648854,405.750000000000,0.090000000000
1411649525,406.130000000000,0.053700000000
1411649542,406.130000000000,0.053700000000
1411650353,407.130000000000,2.143100000000
1411650353,407.350000000000,97.856900000000
1411650399,407.330000000000,100.000000000000
1411650462,406.980000000000,1.609100000000
1411650462,407.330000000000,98.390900000000
1411650833,407.330000000000,0.752100000000
1411650833,407.330000000000,0.874600000000
1411650834,407.330000000000,2.054100000000
1411650852,407.330000000000,0.720600000000
1411650852,407.330000000000,2.197700000000
1411650855,407.330000000000,2.051700000000
1411650855,407.330000000000,0.906600000000
1411650912,407.330000000000,1.510100000000
1411651046,407.330000000000,2.012600000000
1411651046,407.330000000000,1.711100000000
1411651508,407.330000000000,1.616900000000
1411651508,407.330000000000,1.133300000000
1411651509,407.330000000000,0.984300000000
1411651509,407.330000000000,1.474300000000
1411651525,408.500000000000,0.063600000000
1411651902,407.370000000000,0.200000000000
1411651916,407.130000000000,0.200000000000
1411652027,407.130000000000,0.200000000000
1411652055,406.870000000000,0.200000000000
1411652097,407.130000000000,0.200000000000
1411652312,407.090000000000,0.200000000000
1411652772,407.010000000000,0.200000000000
