1456965368,418.020000000000,5.370000000000
1456965420,417.870000000000,50.000000000000
1456965420,417.790000000000,1.200000000000
1456965420,417.870000000000,0.666600000000
1456965465,416.860000000000,0.600000000000
1456965481,417.130000000000,20.000000000000
1456965496,417.800000000000,2.150000000000
1456965524,417.520000000000,2.249800000000
1456965577,417.080000000000,5.000000000000
1456965598,417.080000000000,15.000000000000
1456965624,417.520000000000,0.236200000000
1456965680,416.770000000000,3.170000000000
1456965851,416.640000000000,0.201600000000
1456966042,417.870000000000,45.744200000000
1456966075,417.870000000000,4.255800000000
1456966598,419.570000000000,1.184600000000
1456966599,419.570000000000,0.017200000000
1456966724,418.690000000000,14.300000000000
1456966809,418.950000000000,0.020700000000
1456966905,418.350000000000,0.048300000000
1456966918,418.550000000000,0.330000000000
1456967320,418.120000000000,11.730000000000
1456967359,417.800000000000,1.692000000000
1456967359,417.560000000000,25.000000000000
1456967359,417.530000000000,1.985000000000
1456967419,417.610000000000,5.000000000000
1456967565,417.860000000000,1.655000000000
1456967566,417.860000000000,0.005000000000
1456967579,418.070000000000,1.420000000000
1456967606,417.540000000000,1.000000000000
1456967615,417.520000000000,0.200000000000
1456967619,417.520000000000,10.100000000000
1456967770,418.620000000000,1.960000000000
1456967860,418.670000000000,5.000000000000
1456967872,418.590000000000,5.000000000000
1456967889,418.510000000000,5.000000000000
1456967902,418.480000000000,5.000000000000
1456968229,419.000000000000,20.000000000000
1456968556,419.350000000000,0.012000000000
1456969065,419.280000000000,20.000000000000
1456969065,419.310000000000,11.970000000000
1456969135,419.430000000000,0.002000000000
1456969239,418.620000000000,1.068000000000
1456969369,418.480000000000,11.970000000000
1456969369,418.400000000000,12.270000000000
1456969734,418.650000000000,12.270000000000
1456970429,419.940000000000,0.105400000000
1456970987,419.960000000000,0.350000000000
1456971038,419.960000000000,0.128000000000
1456971069,419.960000000000,45.679000000000
1456971340,419.960000000000,3.843000000000
1456971896,420.870000000000,0.066500000000
1456972155,420.560000000000,0.100000000000
1456972244,420.560000000000,5.000000000000
1456972333,420.530000000000,0.011000000000
1456972348,420.530000000000,3.372100000000
1456972348,420.530000000000,0.011000000000
1456972352,420.750000000000,0.011000000000
1456972359,420.750000000000,0.022000000000
1456972365,420.750000000000,0.011000000000
1456972366,420.750000000000,0.011000000000
1456972366,420.750000000000,0.012000000000
1456972367,420.750000000000,0.022000000000
1456972370,420.750000000000,13.087700000000
1456972417,420.680000000000,0.011100000000
1456972421,420.680000000000,0.011100000000
1456972429,420.680000000000,0.699900000000
1456972435,420.680000000000,0.011000000000
1456972436,420.680000000000,3.053000000000
1456972436,420.680000000000,0.011100000000
1456972437,421.180000000000,0.251000000000
1456972437,420.700000000000,2.929000000000
1456972437,420.680000000000,1.584200000000
1456972446,420.930000000000,0.011000000000
1456972448,420.930000000000,8.919300000000
1456972458,420.800000000000,25.000000000000
1456972469,420.810000000000,0.011000000000
1456972470,420.810000000000,3.316000000000
1456972470,420.810000000000,0.261000000000
1456972476,421.390000000000,0.902200000000
1456972488,420.830000000000,4.476700000000
1456972523,420.950000000000,0.011000000000
1456972525,420.950000000000,1.000000000000
1456972526,420.950000000000,0.011300000000
1456972536,420.950000000000,1.231600000000
1456972544,420.770000000000,2.245000000000
1456972578,421.200000000000,0.011000000000
1456972579,421.200000000000,0.011000000000
1456972579,421.200000000000,0.011000000000
1456972579,421.200000000000,0.011000000000
1456972585,421.200000000000,0.560000000000
1456972601,421.420000000000,1.126500000000
1456972617,420.950000000000,0.148500000000
1456972617,420.940000000000,0.377700000000
1456972618,420.700000000000,0.100000000000
1456972706,420.670000000000,0.564200000000
1456972730,421.050000000000,0.011000000000
1456972740,421.050000000000,0.424200000000
1456972774,421.050000000000,0.022200000000
1456972779,421.050000000000,0.044100000000
1456972780,421.050000000000,0.315900000000
1456972837,421.050000000000,0.011100000000
1456972837,421.050000000000,0.011000000000
1456972837,421.050000000000,0.021000000000
1456972844,421.050000000000,0.011000000000
1456972869,421.050000000000,0.220900000000
1456972897,421.050000000000,0.153100000000
1456972899,421.050000000000,0.152400000000
1456972940,420.770000000000,0.076900000000
1456972949,420.770000000000,0.076500000000
1456973000,420.760000000000,0.038500000000
1456973000,420.760000000000,0.038300000000
1456973018,420.760000000000,0.021200000000
1456973027,420.760000000000,0.013100000000
1456973028,420.760000000000,0.019200000000
1456973066,420.770000000000,0.011200000000
1456973067,420.770000000000,0.011200000000
1456973806,422.060000000000,0.015900000000
1456973957,421.800000000000,20.000000000000
1456973957,421.780000000000,1.020000000000
1456974084,421.740000000000,15.960000000000
1456974085,421.700000000000,15.960000000000
1456974247,421.350000000000,0.198000000000
1456974417,420.970000000000,0.046400000000
1456974480,420.960000000000,0.014500000000
1456974662,420.720000000000,25.000000000000
1456974667,420.440000000000,1.134000000000
1456974766,420.650000000000,1.048000000000
1456975232,420.700000000000,0.243300000000
1456975250,420.410000000000,8.000000000000
1456975526,421.150000000000,0.018500000000
1456975588,421.160000000000,7.450000000000
1456975655,421.160000000000,4.494900000000
1456975770,420.590000000000,12.010000000000
1456975770,421.150000000000,50.000000000000
1456975819,420.720000000000,0.239400000000
1456975847,420.720000000000,0.732100000000
1456975919,420.440000000000,0.569800000000
1456975961,419.900000000000,11.670000000000
1456975965,419.650000000000,1.291000000000
1456975965,419.650000000000,1.180000000000
1456976391,420.380000000000,0.129800000000
1456976423,420.000000000000,0.186800000000
1456976555,419.860000000000,0.008000000000
1456976654,419.860000000000,0.057100000000
1456976655,419.860000000000,0.174900000000
1456976685,420.380000000000,0.055200000000
1456976695,420.380000000000,0.287200000000
1456976816,420.050000000000,0.574800000000
1456976930,420.050000000000,0.034500000000
1456976933,420.050000000000,0.477100000000
1456977317,418.810000000000,0.165700000000
1456977317,418.820000000000,0.040000000000
1456977417,418.800000000000,0.091800000000
1456977506,418.800000000000,0.175400000000
1456977534,418.800000000000,2.807100000000
1456977565,418.800000000000,1.169600000000
1456977685,418.800000000000,7.830300000000
1456977792,418.720000000000,1.192000000000
1456977792,418.510000000000,1.094000000000
1456977792,418.620000000000,25.000000000000
1456977792,418.690000000000,1.433000000000
1456977821,418.650000000000,1.269000000000
1456977857,418.530000000000,1.518000000000
1456977858,418.520000000000,1.622000000000
1456977868,418.390000000000,1.200000000000
1456977869,418.320000000000,25.000000000000
1456977869,418.310000000000,1.318000000000
1456977935,418.340000000000,1.499000000000
1456977935,418.320000000000,1.376000000000
1456977957,418.270000000000,0.058500000000
1456977981,418.250000000000,1.170500000000
1456978408,417.910000000000,1.186000000000
1456978408,417.880000000000,1.640000000000
1456978408,417.870000000000,50.000000000000
1456978429,418.010000000000,6.310000000000
1456978453,418.200000000000,11.640000000000
1456978590,418.090000000000,0.340000000000
1456978676,418.050000000000,0.020000000000
1456978716,417.940000000000,9.160000000000
1456978761,417.560000000000,16.500000000000
1456978796,417.480000000000,14.770000000000
1456978800,417.480000000000,0.370000000000
1456978831,417.500000000000,0.010000000000
1456978948,417.310000000000,1.279000000000
1456978948,417.070000000000,18.721000000000
1456979079,417.170000000000,1.021000000000
1456979086,417.170000000000,2.574000000000
1456979189,417.330000000000,0.455000000000
1456979217,417.470000000000,1.199000000000
1456979372,417.740000000000,11.170000000000
1456979727,417.800000000000,0.030000000000
1456979744,417.280000000000,7.800000000000
1456979744,417.320000000000,0.200000000000
1456979878,418.570000000000,11.910000000000
1456979879,418.600000000000,1.181000000000
1456979880,418.620000000000,1.351000000000
1456979894,418.640000000000,11.430000000000
1456979895,418.640000000000,8.570000000000
1456979895,418.810000000000,1.021000000000
1456979896,418.940000000000,47.279000000000
1456979898,418.220000000000,2.795000000000
1456979922,418.210000000000,2.133000000000
1456979927,418.400000000000,1.604000000000
1456979927,418.490000000000,2.593000000000
1456979950,418.210000000000,1.453000000000
1456979952,418.180000000000,1.362000000000
1456979952,418.180000000000,2.073000000000
1456979982,418.110000000000,1.273000000000
1456979983,418.180000000000,2.158000000000
1456980021,418.280000000000,1.665000000000
1456980022,418.340000000000,14.680000000000
1456980022,418.340000000000,5.320000000000
1456980022,418.280000000000,3.192000000000
1456980029,418.530000000000,14.260000000000
1456980046,418.530000000000,0.730000000000
1456980097,418.590000000000,0.020000000000
1456980107,418.590000000000,1.090000000000
1456980107,418.720000000000,10.390000000000
1456980141,418.820000000000,0.530000000000
1456981418,417.600000000000,0.134800000000
1456981584,417.120000000000,0.200000000000
1456981845,418.240000000000,1.148000000000
1456981856,418.150000000000,1.186000000000
1456981916,418.110000000000,1.519000000000
1456981957,418.050000000000,1.119000000000
1456981960,418.000000000000,1.831000000000
1456981971,417.990000000000,1.507000000000
1456982977,417.750000000000,1.447000000000
1456983265,417.760000000000,2.590000000000
1456984297,417.110000000000,2.041000000000
1456984305,417.110000000000,5.369000000000
1456984351,416.780000000000,7.410000000000
1456984398,416.500000000000,28.000000000000
1456984399,415.860000000000,0.111100000000
1456984407,415.790000000000,50.000000000000
1456985399,417.750000000000,0.672500000000
1456985581,417.260000000000,1.620000000000
1456985584,417.110000000000,1.286000000000
1456985928,417.660000000000,56.134300000000
1456986400,417.390000000000,0.048100000000
1456986906,417.280000000000,8.800000000000
1456987043,417.330000000000,0.858000000000
1456987236,417.600000000000,0.033700000000
1456988058,417.570000000000,0.023600000000
1456988369,417.400000000000,0.900000000000
1456988909,417.140000000000,0.030000000000
1456989719,417.700000000000,20.000000000000
1456990135,417.780000000000,1.419000000000
1456990135,417.800000000000,1.571000000000
1456990317,417.820000000000,3.950000000000
1456990408,417.870000000000,50.000000000000
1456990521,419.070000000000,2.891000000000
1456990670,419.070000000000,3.213000000000
1456990671,419.300000000000,12.000000000000
1456990994,419.520000000000,0.235000000000
1456990994,419.520000000000,1.750000000000
1456990994,419.520000000000,25.000000000000
1456991000,419.520000000000,25.000000000000
1456991108,419.460000000000,1.669000000000
1456991116,419.360000000000,7.059000000000
1456991158,419.550000000000,1.318000000000
1456991452,419.960000000000,0.350700000000
1456991506,419.960000000000,0.111200000000
1456991619,419.620000000000,0.090000000000
1456991859,419.540000000000,22.130000000000
1456991859,419.540000000000,12.280000000000
1456991968,419.770000000000,20.000000000000
1456991970,419.840000000000,20.000000000000
1456992347,419.960000000000,49.538100000000
1456993370,420.250000000000,1.295000000000
1456993619,420.440000000000,11.690000000000
1456993721,420.490000000000,1.580000000000
1456993721,420.270000000000,1.240000000000
1456993802,420.650000000000,3.134000000000
1456993825,420.670000000000,0.015100000000
1456994149,420.910000000000,35.000000000000
1456994381,420.480000000000,20.000000000000
1456995937,421.150000000000,1.000000000000
1456996529,422.040000000000,0.016300000000
1456996770,422.040000000000,23.950000000000
1456996771,422.060000000000,49.850500000000
1456997346,422.060000000000,0.133600000000
1456998156,422.060000000000,0.211900000000
1456998443,421.190000000000,1.398000000000
1456998699,421.170000000000,0.241800000000
1456999705,421.400000000000,0.169300000000
1457000107,419.960000000000,50.000000000000
1457000380,420.560000000000,0.118500000000
1457001136,420.310000000000,20.000000000000
1457001136,420.280000000000,2.410000000000
1457001187,420.770000000000,0.082900000000
1457002135,421.390000000000,0.058100000000
1457002570,421.410000000000,3.289700000000
1457002571,421.450000000000,3.040000000000
1457002955,422.020000000000,0.040600000000
1457003778,421.780000000000,0.028500000000
1457004607,421.470000000000,0.019900000000
1457005436,421.030000000000,0.013900000000
1457005532,421.020000000000,0.995000000000
1457005712,420.400000000000,1.087000000000
1457005714,420.430000000000,1.376000000000
1457005851,420.820000000000,1.513000000000
1457006053,420.450000000000,2.190000000000
1457006305,420.250000000000,0.030000000000
1457006674,420.350000000000,25.000000000000
1457006737,420.350000000000,25.000000000000
1457007493,420.750000000000,20.000000000000
1457008106,421.640000000000,0.300000000000
1457008219,421.640000000000,0.300000000000
1457008835,421.910000000000,0.400000000000
1457008909,421.910000000000,0.400000000000
1457009220,421.910000000000,0.500000000000
1457009326,421.910000000000,0.200000000000
1457009809,422.060000000000,0.400000000000
1457010421,422.060000000000,4.000000000000
1457010650,422.060000000000,1.000000000000
1457011545,422.060000000000,44.600000000000
1457012110,423.070000000000,0.573700000000
1457012378,423.090000000000,2.500000000000
1457013083,422.520000000000,0.550000000000
1457013111,422.510000000000,0.010000000000
1457013491,422.850000000000,0.131600000000
1457014667,422.140000000000,2.500000000000
1457014870,422.000000000000,5.300000000000
1457014870,422.000000000000,0.650000000000
1457015546,421.800000000000,1.038300000000
1457016264,421.160000000000,0.019100000000
1457017258,421.370000000000,0.309800000000
1457017577,420.940000000000,1.512300000000
1457018113,420.310000000000,0.216800000000
1457018270,419.960000000000,50.000000000000
1457019750,420.800000000000,1.600000000000
1457019910,420.800000000000,69.630200000000
1457019910,420.810000000000,0.410000000000
1457019935,420.800000000000,2.178000000000
1457019982,420.800000000000,2.194000000000
1457020012,420.800000000000,0.106200000000
1457020012,420.800000000000,27.397800000000
1457020012,420.690000000000,0.151800000000
1457020040,420.620000000000,1.511000000000
1457020040,420.370000000000,20.000000000000
1457020041,420.710000000000,2.250000000000
1457020116,420.720000000000,35.739000000000
1457020161,420.290000000000,5.976200000000
1457020460,420.670000000000,0.002000000000
1457020578,420.730000000000,0.074400000000
1457021421,420.370000000000,0.052100000000
1457022237,419.900000000000,0.091400000000
1457022339,419.700000000000,5.000000000000
1457022539,419.900000000000,20.000000000000
1457022550,419.960000000000,30.000000000000
1457022621,419.900000000000,0.008000000000
1457022670,419.470000000000,1.065000000000
1457022670,419.550000000000,20.000000000000
1457022776,419.370000000000,1.415000000000
1457022930,419.310000000000,1.399600000000
1457023047,418.850000000000,1.247000000000
1457023234,418.570000000000,1.424000000000
1457023332,418.560000000000,1.503000000000
1457023372,418.550000000000,3.000000000000
1457023618,418.890000000000,0.217000000000
1457023618,418.870000000000,0.600000000000
1457023848,418.980000000000,1.314000000000
1457023849,418.960000000000,1.657000000000
1457023849,418.900000000000,25.000000000000
1457023849,418.880000000000,1.306000000000
1457024186,418.390000000000,0.461900000000
1457024230,418.410000000000,0.461900000000
1457024451,418.240000000000,10.000000000000
1457024557,418.790000000000,0.064100000000
1457025399,419.340000000000,0.044700000000
1457026246,419.890000000000,0.052100000000
1457027778,419.840000000000,0.890100000000
1457028329,420.040000000000,1.601000000000
1457028969,420.060000000000,1.149000000000
1457029089,420.300000000000,0.560000000000
1457029089,420.280000000000,1.440000000000
1457029149,420.130000000000,0.280000000000
1457029660,420.220000000000,2.588700000000
1457030216,420.430000000000,50.000000000000
1457031104,419.830000000000,0.040000000000
1457031230,419.930000000000,0.200000000000
1457031340,420.090000000000,0.040400000000
1457031371,420.020000000000,0.200000000000
1457031372,420.020000000000,0.694500000000
1457031632,419.790000000000,1.071100000000
1457031633,419.790000000000,0.631800000000
1457031742,419.310000000000,1.382000000000
1457031742,419.330000000000,0.717000000000
1457032041,418.050000000000,1.036000000000
1457032041,418.510000000000,12.070000000000
1457032041,418.700000000000,0.010000000000
1457032072,418.090000000000,0.175900000000
1457032367,417.870000000000,5.745900000000
1457032367,418.030000000000,12.130000000000
1457032367,418.010000000000,50.000000000000
1457032371,417.870000000000,44.254100000000
1457032479,417.860000000000,0.111100000000
1457032495,417.600000000000,0.073100000000
1457033860,418.250000000000,0.250000000000
1457033860,418.210000000000,0.059000000000
1457033866,417.980000000000,0.500000000000
1457033997,417.650000000000,0.500000000000
1457034021,417.650000000000,0.500000000000
1457034470,417.640000000000,1.174000000000
1457035176,416.860000000000,0.111100000000
1457035183,416.860000000000,0.186000000000
1457035188,416.710000000000,0.655300000000
1457035238,417.160000000000,0.122500000000
1457035248,417.000000000000,0.952400000000
1457035271,417.160000000000,0.026400000000
1457035287,417.000000000000,4.047600000000
1457035287,416.540000000000,1.085000000000
1457035457,416.520000000000,1.080000000000
1457035460,416.450000000000,1.583000000000
1457036030,416.460000000000,0.200000000000
1457036121,416.450000000000,0.200000000000
1457036151,416.300000000000,5.000000000000
1457036176,416.330000000000,0.078000000000
1457036298,415.890000000000,3.000000000000
1457036425,415.960000000000,1.460000000000
1457036428,415.950000000000,25.000000000000
1457036428,415.860000000000,0.111100000000
1457036428,415.920000000000,1.530000000000
1457036433,415.800000000000,5.000000000000
1457036596,416.770000000000,0.190000000000
1457036609,416.790000000000,0.070000000000
1457036846,416.480000000000,20.000000000000
1457037020,416.450000000000,0.952400000000
1457037077,416.460000000000,0.952400000000
1457037372,416.720000000000,0.130000000000
1457038462,417.370000000000,42.000000000000
1457038797,417.550000000000,0.001000000000
1457038822,417.710000000000,29.440000000000
1457038936,418.260000000000,0.250000000000
1457039011,418.370000000000,1.284000000000
1457039011,418.360000000000,38.716000000000
1457039016,419.010000000000,0.026600000000
1457039383,418.990000000000,4.290000000000
1457039433,418.930000000000,5.000000000000
1457040269,419.390000000000,1.336000000000
1457040271,419.580000000000,0.010200000000
1457040730,419.180000000000,1.640000000000
1457041062,419.780000000000,35.742000000000
1457041062,419.800000000000,0.200000000000
1457041062,419.840000000000,20.000000000000
1457041062,419.760000000000,0.010000000000
1457041063,419.960000000000,0.056400000000
1457041397,419.610000000000,4.980000000000
1457041602,419.790000000000,0.397200000000
1457041659,419.790000000000,0.396400000000
1457043741,419.450000000000,1.532000000000
1457043741,419.460000000000,1.140000000000
1457043741,419.460000000000,1.345000000000
1457045481,419.950000000000,0.199000000000
1457045498,419.950000000000,0.278000000000
1457045507,419.950000000000,3.000000000000
1457045567,419.960000000000,49.943600000000
1457045921,420.340000000000,35.000000000000
1457046555,419.700000000000,14.480000000000
1457048110,418.870000000000,1.681000000000
1457049036,418.590000000000,0.200000000000
1457049227,419.480000000000,1.436000000000
1457049227,419.430000000000,0.200000000000
1457049318,419.540000000000,3.110000000000
1457049917,419.460000000000,0.167000000000
1457049921,419.600000000000,0.200000000000
1457049927,419.780000000000,1.676000000000
1457049929,419.790000000000,0.202700000000
1457051927,420.370000000000,1.172000000000
1457052619,420.540000000000,0.237000000000
1457052679,420.480000000000,4.116700000000
1457052680,420.000000000000,23.500000000000
1457055490,420.730000000000,0.125600000000
1457056102,421.010000000000,1.000000000000
1457056820,422.040000000000,0.010000000000
1457056820,422.040000000000,0.001000000000
1457057728,421.860000000000,30.000000000000
1457059042,421.790000000000,20.000000000000
1457059739,422.120000000000,0.010000000000
1457059739,422.060000000000,50.000000000000
1457059961,422.590000000000,1.363000000000
1457060248,422.590000000000,1.577000000000
1457060356,422.160000000000,0.003800000000
1457062518,421.750000000000,1.000000000000
1457062543,421.750000000000,4.000000000000
1457064360,421.900000000000,2.528000000000
1457065131,422.450000000000,4.990000000000
1457065287,422.450000000000,1.010000000000
1457066747,422.000000000000,56.174300000000
1457067371,421.590000000000,48.530000000000
1457067371,421.610000000000,11.470000000000
1457067477,421.710000000000,0.530000000000
1457067477,421.690000000000,49.470000000000
1457069063,421.350000000000,1.279000000000
1457069068,421.260000000000,1.403000000000
1457069068,421.250000000000,24.318000000000
1457069698,421.030000000000,27.740300000000
1457070317,421.390000000000,0.529900000000
1457070317,421.390000000000,0.011000000000
1457070318,421.390000000000,0.011000000000
1457070319,421.390000000000,0.804200000000
1457070319,421.390000000000,0.011000000000
1457070330,421.520000000000,0.300000000000
1457070331,421.520000000000,0.011000000000
1457070331,421.520000000000,0.011000000000
1457070332,421.520000000000,11.668000000000
1457070333,421.570000000000,19.055700000000
1457070333,421.630000000000,32.299300000000
1457070359,421.610000000000,0.249900000000
1457070359,421.610000000000,16.001700000000
1457070523,421.550000000000,0.011000000000
1457070976,421.030000000000,17.000000000000
1457071027,421.490000000000,1.386000000000
1457071027,421.410000000000,1.114000000000
1457071062,421.600000000000,2.500000000000
1457071098,421.030000000000,5.259700000000
1457071098,421.050000000000,2.500000000000
1457071099,421.020000000000,5.229300000000
1457071298,421.450000000000,0.498900000000
1457071339,421.450000000000,0.137000000000
1457071730,421.120000000000,0.521000000000
1457071757,421.120000000000,19.479000000000
1457071771,421.790000000000,0.515000000000
1457072070,421.460000000000,2.000000000000
1457072148,421.630000000000,1.808000000000
1457072432,421.930000000000,6.344800000000
1457072457,421.990000000000,0.011000000000
1457072670,421.900000000000,2.860500000000
1457072693,422.000000000000,0.455900000000
1457072999,421.990000000000,1.125000000000
1457073071,421.980000000000,0.300000000000
1457073301,422.000000000000,3.369800000000
1457073310,422.030000000000,1.517000000000
1457073657,422.160000000000,0.300000000000
1457073657,422.140000000000,4.700000000000
1457074418,422.170000000000,0.115000000000
1457074418,422.080000000000,2.874000000000
1457074418,422.170000000000,0.011000000000
1457074453,422.350000000000,0.193800000000
1457074457,422.350000000000,2.950000000000
1457074512,422.420000000000,0.030000000000
1457074932,422.190000000000,0.372200000000
1457074959,422.190000000000,0.548000000000
1457075368,422.210000000000,5.740400000000
1457075379,422.180000000000,3.899800000000
1457075821,421.980000000000,3.346000000000
1457075938,422.000000000000,2.513700000000
1457076153,421.980000000000,0.306000000000
1457076269,422.000000000000,0.374000000000
1457076450,422.000000000000,0.380000000000
1457076477,422.000000000000,0.545400000000
1457076510,422.000000000000,0.153500000000
1457076582,422.000000000000,0.217900000000
1457076593,421.980000000000,0.011000000000
1457076692,422.000000000000,0.010600000000
1457076718,422.000000000000,0.011000000000
1457076792,422.000000000000,0.233800000000
1457076898,421.980000000000,0.012400000000
1457076993,421.980000000000,0.357600000000
1457076997,422.000000000000,52.687200000000
1457077037,422.000000000000,0.011000000000
1457077093,422.000000000000,1.330400000000
1457077102,422.000000000000,1.324600000000
1457077138,422.000000000000,0.666200000000
1457077148,422.000000000000,0.664100000000
1457077189,422.000000000000,0.334700000000
1457077192,422.000000000000,0.333200000000
1457077192,422.000000000000,38.208700000000
1457077248,422.560000000000,0.010000000000
1457077251,422.580000000000,0.011000000000
1457077251,422.580000000000,0.001000000000
1457077309,422.580000000000,0.010000000000
1457077377,422.580000000000,0.016400000000
1457077411,422.580000000000,0.142300000000
1457077460,422.580000000000,0.119400000000
1457077519,422.580000000000,0.011000000000
1457077581,422.580000000000,0.078600000000
1457077607,422.580000000000,0.067700000000
1457077607,422.580000000000,0.067400000000
1457077631,422.580000000000,0.033900000000
1457077647,422.580000000000,0.033800000000
1457077757,422.570000000000,0.016900000000
1457078233,422.500000000000,0.012700000000
1457079399,421.600000000000,50.000000000000
1457079399,421.440000000000,0.030000000000
1457080107,421.850000000000,25.000000000000
1457081232,421.060000000000,20.000000000000
1457081460,420.000000000000,38.000000000000
1457081463,419.960000000000,28.231300000000
1457081478,419.960000000000,21.768700000000
1457081517,419.610000000000,0.080000000000
1457081542,419.830000000000,7.930000000000
1457081542,419.590000000000,2.060000000000
1457083980,419.060000000000,0.003000000000
1457083980,419.000000000000,1.667000000000
1457084010,418.810000000000,1.315000000000
1457084032,419.180000000000,1.310000000000
1457084083,419.200000000000,1.136000000000
1457084086,419.270000000000,0.424000000000
1457085651,419.580000000000,0.250000000000
1457088469,418.920000000000,20.000000000000
1457089172,418.940000000000,2.302000000000
1457089287,419.040000000000,1.138000000000
1457089287,418.980000000000,1.440000000000
1457090287,417.870000000000,50.000000000000
1457090448,417.220000000000,3.161000000000
1457090448,417.040000000000,1.357000000000
1457090448,417.360000000000,0.482000000000
1457090493,417.800000000000,2.360000000000
1457090548,417.450000000000,1.421000000000
1457090548,417.470000000000,1.511000000000
1457090548,417.620000000000,1.602000000000
1457090549,417.630000000000,0.466000000000
1457090551,417.220000000000,12.980000000000
1457090551,417.120000000000,1.310000000000
1457090645,416.790000000000,0.654100000000
1457090707,416.540000000000,1.032000000000
1457090713,416.800000000000,46.568000000000
1457090777,416.920000000000,0.080000000000
1457090787,417.030000000000,3.310000000000
1457091021,417.470000000000,0.079000000000
1457091112,417.600000000000,0.040000000000
1457091370,417.260000000000,0.238000000000
1457091380,417.260000000000,0.318000000000
1457091791,416.980000000000,1.416000000000
1457091859,417.000000000000,0.020000000000
1457091939,417.000000000000,0.079000000000
1457092804,417.630000000000,0.556000000000
1457092841,418.190000000000,1.692000000000
1457093468,419.960000000000,5.000000000000
1457093512,419.960000000000,3.470000000000
1457096721,419.940000000000,3.080000000000
1457096725,419.960000000000,41.530000000000
1457098476,420.310000000000,25.000000000000
1457100160,419.700000000000,0.000700000000
1457100703,420.110000000000,1.462000000000
1457100708,420.110000000000,1.523000000000
1457100742,420.110000000000,44.515000000000
1457102359,420.020000000000,25.000000000000
1457103132,419.890000000000,25.000000000000
1457103414,419.750000000000,2.500000000000
1457103493,419.310000000000,20.000000000000
1457104426,419.590000000000,25.000000000000
1457104429,419.580000000000,5.805000000000
1457104759,419.300000000000,50.000000000000
1457105061,419.840000000000,50.000000000000
1457105857,419.800000000000,20.000000000000
1457106092,420.340000000000,2.000000000000
1457106918,420.230000000000,59.689100000000
1457106919,420.090000000000,0.310900000000
1457107391,419.790000000000,25.000000000000
1457107422,419.290000000000,25.000000000000
1457108139,418.820000000000,0.132800000000
1457108810,419.010000000000,1.652000000000
1457108810,419.040000000000,1.263000000000
1457109957,418.920000000000,7.780000000000
1457110057,419.030000000000,1.265000000000
1457110061,418.820000000000,47.220000000000
1457110061,418.830000000000,1.515000000000
1457111422,418.670000000000,0.383400000000
1457111598,418.610000000000,25.000000000000
1457111600,418.140000000000,8.180000000000
1457111627,418.020000000000,0.250000000000
1457111628,418.010000000000,35.166600000000
1457112020,418.570000000000,1.204000000000
1457113231,418.200000000000,10.000000000000
1457113620,417.330000000000,14.980000000000
1457113622,417.200000000000,8.370000000000
1457114303,417.250000000000,1.259400000000
1457114344,417.120000000000,0.200000000000
1457114427,417.100000000000,1.515000000000
1457114743,417.180000000000,0.113600000000
1457114951,416.730000000000,1.469000000000
1457115293,416.710000000000,3.000000000000
1457115500,416.080000000000,53.442000000000
1457115500,416.080000000000,4.550000000000
1457115500,416.030000000000,42.008000000000
1457115548,416.270000000000,1.645000000000
1457115554,416.270000000000,1.500000000000
1457115819,416.500000000000,1.035000000000
1457116109,416.440000000000,25.000000000000
1457116110,416.050000000000,35.000000000000
1457116188,416.100000000000,50.568200000000
1457116188,416.030000000000,7.992000000000
1457116763,415.920000000000,1.560000000000
1457116767,415.860000000000,1.511000000000
1457116770,415.810000000000,17.929000000000
1457116882,416.030000000000,1.439800000000
1457118781,416.270000000000,50.000000000000
1457118998,416.680000000000,6.750000000000
1457119097,416.690000000000,33.000000000000
1457119932,416.090000000000,15.000000000000
1457120217,415.790000000000,50.000000000000
1457120218,415.790000000000,0.651700000000
1457120221,415.790000000000,0.654100000000
1457120224,415.650000000000,1.573000000000
1457120232,415.590000000000,7.710000000000
1457120275,415.810000000000,49.502600000000
1457120498,415.790000000000,0.346500000000
1457120508,415.640000000000,2.390000000000
1457120512,415.410000000000,1.483000000000
1457120735,415.660000000000,1.476000000000
1457120742,415.790000000000,0.150900000000
1457121502,415.390000000000,9.900000000000
1457121516,415.000000000000,70.453000000000
1457121524,415.000000000000,29.547000000000
1457121527,415.000000000000,38.643900000000
1457121527,415.000000000000,11.356100000000
1457121527,414.990000000000,1.171000000000
1457121528,414.910000000000,0.599500000000
1457121561,415.040000000000,5.000000000000
1457121801,414.910000000000,0.602500000000
1457121801,414.370000000000,1.571000000000
1457121874,414.620000000000,25.000000000000
1457122073,414.270000000000,19.500000000000
1457122280,414.380000000000,0.356000000000
1457122359,414.270000000000,30.500000000000
1457122469,413.970000000000,25.000000000000
1457122677,413.730000000000,50.000000000000
1457122677,413.600000000000,0.001100000000
1457122679,413.660000000000,0.780000000000
1457122928,413.650000000000,1.347000000000
1457122929,413.690000000000,3.013000000000
1457122929,413.680000000000,1.640000000000
1457123730,413.220000000000,2.050000000000
1457123750,413.040000000000,0.400000000000
1457123792,413.030000000000,0.210000000000
1457123854,412.980000000000,1.283000000000
1457123859,412.990000000000,1.517000000000
1457123963,412.970000000000,0.250000000000
1457123990,412.950000000000,0.240000000000
1457124022,412.960000000000,0.250000000000
1457124050,412.960000000000,1.660000000000
1457124227,412.860000000000,0.166600000000
1457124477,412.640000000000,1.310000000000
1457124559,412.520000000000,2.584000000000
1457124559,412.420000000000,1.606000000000
1457124617,412.670000000000,2.330000000000
1457124653,412.000000000000,50.000000000000
1457124654,411.990000000000,6.160000000000
1457124662,411.850000000000,1.810000000000
1457124674,411.660000000000,1.128000000000
1457124694,412.100000000000,5.000000000000
1457124751,411.920000000000,1.745000000000
1457124752,412.100000000000,3.125000000000
1457124805,411.950000000000,4.380000000000
1457124819,412.160000000000,0.295300000000
1457124948,412.480000000000,4.080000000000
1457124948,412.460000000000,0.920000000000
1457125256,412.710000000000,0.129000000000
1457125572,412.710000000000,0.460000000000
1457125818,411.690000000000,0.360000000000
1457126047,411.910000000000,0.591100000000
1457126394,411.720000000000,0.132000000000
1457126796,411.760000000000,0.119500000000
1457126895,411.720000000000,49.868000000000
1457126904,411.170000000000,2.828000000000
1457126986,410.930000000000,1.708000000000
1457127181,410.800000000000,0.605500000000
1457127193,410.660000000000,51.394500000000
1457127335,410.000000000000,2.000000000000
1457127335,410.110000000000,0.980000000000
1457127335,410.170000000000,50.000000000000
1457127336,410.000000000000,59.723900000000
1457127336,410.000000000000,0.276100000000
1457127353,409.980000000000,1.797000000000
1457127360,409.860000000000,0.111100000000
1457127385,409.790000000000,1.499900000000
1457127385,409.790000000000,0.881200000000
1457127385,409.790000000000,1.871300000000
1457127385,409.620000000000,20.000000000000
1457127406,409.600000000000,0.074000000000
1457127407,409.560000000000,1.040000000000
1457127441,409.290000000000,1.782000000000
1457127456,409.360000000000,1.660000000000
1457127457,409.510000000000,0.120000000000
1457127488,409.250000000000,0.660000000000
1457127489,409.250000000000,0.818000000000
1457127493,409.560000000000,0.282000000000
1457127493,409.310000000000,2.154000000000
1457127499,409.740000000000,1.746000000000
1457127507,409.490000000000,0.329000000000
1457127637,409.270000000000,0.067100000000
1457127705,409.200000000000,0.001000000000
1457127926,409.450000000000,0.001000000000
1457127930,410.070000000000,7.970000000000
1457127931,410.280000000000,7.970000000000
1457127931,410.320000000000,1.455000000000
1457127931,410.170000000000,20.000000000000
1457127937,410.580000000000,20.000000000000
1457128388,411.820000000000,7.990000000000
1457128393,411.800000000000,5.010000000000
1457129114,410.820000000000,15.810000000000
1457129248,410.170000000000,0.085600000000
1457129249,410.280000000000,0.085600000000
1457129718,411.370000000000,19.000000000000
1457129726,411.390000000000,2.110000000000
1457131021,412.350000000000,1.010000000000
1457131061,412.350000000000,0.010000000000
1457131133,412.370000000000,3.000000000000
1457131518,410.880000000000,0.030000000000
1457131537,410.630000000000,0.010000000000
1457131859,409.160000000000,8.010000000000
1457131860,409.140000000000,52.960000000000
1457131860,409.160000000000,0.030000000000
1457132146,409.280000000000,0.662800000000
1457132302,408.860000000000,0.666600000000
1457132321,408.550000000000,10.210000000000
1457132413,408.150000000000,10.000000000000
1457132525,407.860000000000,0.333300000000
1457132694,407.680000000000,0.500000000000
1457133595,409.730000000000,0.150000000000
1457134453,409.440000000000,2.000000000000
1457134533,409.250000000000,0.200000000000
1457134594,408.750000000000,0.040000000000
1457135689,408.100000000000,25.000000000000
1457135689,408.210000000000,1.327000000000
1457135698,407.810000000000,1.450000000000
1457135701,407.580000000000,20.000000000000
1457135707,407.570000000000,1.162000000000
1457135791,407.390000000000,0.010000000000
1457135802,407.390000000000,1.566000000000
1457136037,408.020000000000,20.000000000000
1457136051,408.090000000000,17.250000000000
1457136109,407.970000000000,1.900000000000
1457136167,407.770000000000,20.000000000000
1457136331,407.590000000000,25.000000000000
1457136653,407.160000000000,8.150000000000
1457137968,406.860000000000,0.666600000000
1457137971,406.740000000000,0.611600000000
1457138318,406.170000000000,25.000000000000
1457138331,406.170000000000,25.000000000000
1457138622,405.860000000000,0.084800000000
1457138714,405.860000000000,0.581800000000
1457138747,405.550000000000,0.190000000000
1457138837,405.550000000000,2.597000000000
1457138847,405.550000000000,2.667000000000
1457138849,405.550000000000,14.546000000000
1457138878,405.020000000000,0.018800000000
1457138908,405.000000000000,59.288200000000
1457138908,405.000000000000,0.001700000000
1457138936,405.000000000000,0.619900000000
1457138938,404.860000000000,0.666600000000
1457138938,405.000000000000,10.091900000000
1457138938,404.800000000000,1.980000000000
1457138938,404.870000000000,0.133300000000
1457138938,404.860000000000,0.222200000000
1457138940,404.480000000000,7.810000000000
1457139096,404.940000000000,20.000000000000
1457139138,404.790000000000,20.000000000000
1457139152,404.870000000000,20.000000000000
1457139259,405.220000000000,1.511000000000
1457139259,405.020000000000,1.563000000000
1457139262,404.940000000000,3.555000000000
1457139263,404.940000000000,9.600000000000
1457139264,404.940000000000,61.080900000000
1457139265,404.940000000000,3.338000000000
1457139265,404.940000000000,7.811600000000
1457139840,406.160000000000,40.000000000000
1457140037,406.340000000000,18.420000000000
1457140050,406.350000000000,6.580000000000
1457140108,406.190000000000,0.306300000000
1457140852,407.440000000000,0.031200000000
1457140969,406.220000000000,25.000000000000
1457141175,405.590000000000,7.760000000000
1457141176,405.920000000000,0.970000000000
1457141848,403.990000000000,25.000000000000
1457141849,403.790000000000,1.524000000000
1457141850,403.670000000000,1.565000000000
1457141855,403.890000000000,7.760000000000
1457142287,403.550000000000,1.472000000000
1457142287,403.620000000000,1.241000000000
1457142288,403.350000000000,25.000000000000
1457142288,403.540000000000,20.000000000000
1457142288,403.420000000000,1.156000000000
1457142288,403.380000000000,8.380000000000
1457142667,403.500000000000,1.699000000000
1457142671,403.540000000000,8.380000000000
1457142677,403.570000000000,1.344000000000
1457142808,403.540000000000,20.000000000000
1457142809,403.560000000000,8.350000000000
1457142929,404.380000000000,1.000000000000
1457142994,404.120000000000,1.526000000000
1457142997,404.100000000000,38.474000000000
1457143570,404.130000000000,1.226000000000
1457143570,404.330000000000,1.295000000000
1457143671,403.290000000000,1.358000000000
1457143672,403.100000000000,1.690000000000
1457143672,403.000000000000,17.000000000000
1457143675,402.890000000000,1.514000000000
1457143701,403.800000000000,0.328000000000
1457143720,403.800000000000,0.026000000000
1457143722,403.750000000000,0.091000000000
1457143729,403.520000000000,0.301000000000
1457143730,403.450000000000,8.350000000000
1457143730,403.350000000000,1.000000000000
1457143732,403.520000000000,0.078000000000
1457143752,403.520000000000,0.050000000000
1457143760,403.520000000000,0.228000000000
1457143782,403.530000000000,0.332000000000
1457143786,403.510000000000,0.767000000000
1457143789,403.510000000000,0.540000000000
1457143820,403.470000000000,1.924000000000
1457143823,403.500000000000,1.654000000000
1457143828,403.500000000000,1.697000000000
1457143829,403.680000000000,1.688000000000
1457143830,403.460000000000,0.100800000000
1457143906,403.420000000000,8.370000000000
1457143967,402.860000000000,0.488800000000
1457144028,402.710000000000,0.617700000000
1457144069,402.670000000000,0.130000000000
1457144086,402.670000000000,0.217000000000
1457144091,402.670000000000,1.000000000000
1457144170,401.860000000000,1.000000000000
1457144170,401.970000000000,2.301000000000
1457144171,401.810000000000,4.160000000000
1457144287,403.120000000000,1.289600000000
1457144371,403.080000000000,2.850000000000
1457144439,402.700000000000,1.556000000000
1457144440,402.630000000000,1.937000000000
1457144492,403.080000000000,0.090000000000
1457144517,403.080000000000,0.090000000000
1457145598,404.890000000000,0.040000000000
1457145736,404.450000000000,3.696000000000
1457145918,405.270000000000,25.000000000000
1457145958,404.740000000000,25.000000000000
1457146125,404.580000000000,20.000000000000
1457146128,404.750000000000,1.020000000000
1457146289,404.800000000000,18.060000000000
1457146289,404.800000000000,1.543000000000
1457146537,405.290000000000,6.300000000000
1457146996,406.170000000000,0.010000000000
1457147010,405.430000000000,8.170000000000
1457147088,405.280000000000,0.400000000000
1457149158,405.500000000000,3.740000000000
1457149878,405.110000000000,0.026300000000
1457149917,405.110000000000,2.471000000000
1457149941,405.110000000000,17.502700000000
1457150052,406.180000000000,20.000000000000
1457150062,406.740000000000,0.614600000000
1457150066,406.930000000000,1.603000000000
1457150081,407.100000000000,0.013900000000
1457150087,407.100000000000,27.334800000000
1457150279,408.000000000000,1.524000000000
1457150279,408.200000000000,0.186000000000
1457150297,407.780000000000,1.632000000000
1457150301,407.790000000000,5.000000000000
1457150536,407.700000000000,0.030000000000
1457150536,407.670000000000,0.050000000000
1457150579,407.690000000000,0.080000000000
1457150867,407.900000000000,2.150000000000
1457150876,407.880000000000,2.170000000000
1457150897,408.020000000000,5.000000000000
1457150906,408.040000000000,1.440000000000
1457150927,408.200000000000,5.000000000000
1457150951,408.200000000000,5.000000000000
1457150952,408.200000000000,0.200000000000
1457150968,408.190000000000,5.000000000000
1457151097,408.200000000000,1.492000000000
1457151097,408.170000000000,5.000000000000
1457151098,408.210000000000,1.502000000000
1457151098,408.210000000000,42.000000000000
1457151179,408.380000000000,3.960000000000
1457151196,408.450000000000,5.000000000000
1457151449,408.360000000000,1.270000000000
1457151461,408.760000000000,5.000000000000
1457151476,408.370000000000,5.000000000000
1457151483,408.880000000000,1.044000000000
1457151483,408.670000000000,1.600000000000
1457151512,408.760000000000,5.000000000000
1457151579,408.780000000000,5.000000000000
1457151592,408.580000000000,5.000000000000
1457151636,408.460000000000,1.450000000000
1457151659,408.460000000000,2.900000000000
1457151682,408.440000000000,1.450000000000
1457151682,408.510000000000,7.490000000000
1457151957,408.540000000000,5.000000000000
1457152147,408.570000000000,20.000000000000
1457152167,408.560000000000,5.000000000000
1457152180,408.570000000000,5.000000000000
1457152654,408.600000000000,5.000000000000
1457152677,408.550000000000,5.000000000000
1457152694,408.700000000000,1.596000000000
1457152708,408.700000000000,5.000000000000
1457152731,408.600000000000,5.000000000000
1457152751,408.530000000000,5.000000000000
1457152759,408.510000000000,5.000000000000
1457152771,408.590000000000,5.000000000000
1457152787,408.560000000000,5.000000000000
1457153978,407.870000000000,1.454000000000
1457154937,408.570000000000,0.010000000000
1457155749,407.790000000000,5.000000000000
1457156147,407.950000000000,5.000000000000
1457156541,407.430000000000,1.302000000000
1457156541,407.420000000000,0.110000000000
1457156545,407.340000000000,3.588000000000
1457156891,408.150000000000,5.000000000000
1457156892,408.280000000000,1.056000000000
1457156910,408.150000000000,5.000000000000
1457156919,408.260000000000,5.000000000000
1457156927,408.180000000000,5.000000000000
1457156940,408.070000000000,5.000000000000
1457157369,408.080000000000,0.950000000000
1457157390,408.080000000000,0.810000000000
1457157409,408.080000000000,0.740000000000
1457157718,408.060000000000,1.624100000000
1457157940,408.050000000000,5.000000000000
1457157953,408.070000000000,5.000000000000
1457157970,408.190000000000,5.000000000000
1457158177,408.120000000000,2.000000000000
1457158308,408.040000000000,5.000000000000
1457158362,407.900000000000,1.450000000000
1457159661,406.680000000000,4.000000000000
1457161076,405.440000000000,4.000000000000
1457161582,405.380000000000,1.460000000000
1457161734,405.400000000000,1.296000000000
1457161738,405.340000000000,1.155000000000
1457161747,405.340000000000,25.000000000000
1457161806,405.550000000000,2.555000000000
1457161817,405.550000000000,2.840000000000
1457161827,405.540000000000,1.693000000000
1457161829,405.540000000000,2.171000000000
1457161832,405.540000000000,2.919000000000
1457162190,405.530000000000,2.271000000000
1457162191,405.530000000000,3.090000000000
1457162192,405.550000000000,44.605000000000
1457162372,405.760000000000,1.559000000000
1457162372,405.550000000000,1.551000000000
1457162372,405.560000000000,1.099000000000
1457162372,405.540000000000,3.801000000000
1457162376,405.540000000000,17.860000000000
1457162436,405.540000000000,25.000000000000
1457162442,405.340000000000,1.347000000000
1457163157,405.250000000000,0.001500000000
1457163322,405.120000000000,1.669000000000
1457163322,405.320000000000,1.316000000000
1457163322,405.100000000000,8.010000000000
1457163322,405.240000000000,0.200000000000
1457163322,405.100000000000,8.110000000000
1457164761,403.630000000000,25.000000000000
1457164764,403.540000000000,37.197600000000
1457164769,403.540000000000,12.802400000000
1457164770,403.380000000000,9.700000000000
1457164771,403.380000000000,25.000000000000
1457164776,404.140000000000,1.212000000000
1457164867,403.890000000000,0.335000000000
1457164983,403.490000000000,20.000000000000
1457165268,404.450000000000,0.200000000000
1457165271,404.370000000000,25.000000000000
1457165340,404.160000000000,1.559000000000
1457165488,404.290000000000,0.200000000000
1457166298,404.290000000000,0.175000000000
1457166461,404.170000000000,0.200000000000
1457166722,404.450000000000,0.144000000000
1457166759,404.680000000000,1.000000000000
1457166761,404.680000000000,0.392000000000
1457166767,404.480000000000,0.041000000000
1457166774,404.480000000000,0.223000000000
1457166777,404.480000000000,0.031000000000
1457166791,404.480000000000,0.101000000000
1457166792,404.500000000000,0.183000000000
1457166796,404.500000000000,0.087000000000
1457166808,404.480000000000,0.111000000000
1457166812,404.480000000000,1.000000000000
1457166812,404.480000000000,0.151000000000
1457166818,404.480000000000,0.268000000000
1457166822,404.480000000000,1.000000000000
1457166972,404.970000000000,0.435000000000
1457167374,404.230000000000,25.000000000000
1457167375,404.150000000000,0.200000000000
1457167423,404.200000000000,0.060000000000
1457167804,404.320000000000,0.043000000000
1457167896,404.620000000000,0.605000000000
1457167896,404.620000000000,0.013000000000
1457167897,403.710000000000,25.000000000000
1457167897,404.130000000000,0.137000000000
1457167900,403.530000000000,3.630000000000
1457167914,403.350000000000,0.260000000000
1457167936,403.000000000000,1.500000000000
1457167941,402.710000000000,0.620800000000
1457168039,402.790000000000,0.109000000000
1457168039,402.790000000000,1.000000000000
1457168044,402.790000000000,1.000000000000
1457168053,402.790000000000,0.010000000000
1457168059,402.980000000000,1.000000000000
1457168060,402.980000000000,0.026000000000
1457168060,402.980000000000,0.087000000000
1457168067,402.980000000000,0.404000000000
1457168067,402.980000000000,0.530000000000
1457168078,402.980000000000,0.220000000000
1457168080,403.070000000000,0.807000000000
1457168090,403.070000000000,0.026000000000
1457168125,403.070000000000,0.349000000000
1457168130,403.050000000000,0.381000000000
1457168130,403.050000000000,1.000000000000
1457168132,403.050000000000,0.300000000000
1457168146,403.050000000000,0.800000000000
1457168156,403.340000000000,0.120000000000
1457168157,403.340000000000,0.330000000000
1457168159,403.640000000000,0.606000000000
1457168159,403.640000000000,0.369000000000
1457168160,403.640000000000,0.103000000000
1457168179,403.640000000000,0.374000000000
1457168272,403.740000000000,0.436000000000
1457168296,404.030000000000,0.520000000000
1457168300,404.030000000000,0.040000000000
1457168311,404.030000000000,1.000000000000
1457168313,404.010000000000,0.204000000000
1457168316,404.010000000000,0.507000000000
1457168320,404.010000000000,0.034000000000
1457168321,404.010000000000,0.714000000000
1457168331,404.010000000000,0.440000000000
1457168337,404.010000000000,0.677000000000
1457168338,404.010000000000,0.450000000000
1457168339,404.010000000000,0.325000000000
1457168339,404.010000000000,0.600000000000
1457168367,404.190000000000,0.055000000000
1457168380,404.060000000000,0.015000000000
1457168389,404.060000000000,0.535000000000
1457168410,404.060000000000,1.000000000000
1457168410,404.060000000000,0.223000000000
1457168427,404.040000000000,0.017000000000
1457168431,404.040000000000,0.204000000000
1457168432,404.040000000000,0.819000000000
1457168438,404.040000000000,1.000000000000
1457168439,404.040000000000,1.000000000000
1457168440,404.190000000000,0.514000000000
1457168441,404.190000000000,0.032000000000
1457168441,404.190000000000,0.373000000000
1457168458,403.860000000000,0.019000000000
1457168472,403.840000000000,0.070000000000
1457168487,403.840000000000,0.969000000000
1457168512,403.860000000000,0.698000000000
1457168512,403.860000000000,0.016000000000
1457168517,403.860000000000,0.047000000000
1457168536,403.860000000000,1.000000000000
1457168542,403.860000000000,2.241800000000
1457168549,403.820000000000,0.110000000000
1457168550,403.820000000000,0.800000000000
1457168558,403.820000000000,0.088000000000
1457168559,403.820000000000,1.000000000000
1457168561,403.820000000000,0.058000000000
1457168561,403.820000000000,0.141000000000
1457168570,403.750000000000,0.240000000000
1457168587,403.750000000000,0.079000000000
1457168587,403.750000000000,0.400000000000
1457168588,403.750000000000,1.000000000000
1457168589,403.710000000000,0.221000000000
1457168591,403.710000000000,0.768000000000
1457168591,403.710000000000,0.600000000000
1457168592,403.770000000000,0.598000000000
1457168592,403.770000000000,0.774000000000
1457168592,403.770000000000,1.000000000000
1457168593,403.730000000000,0.190000000000
1457168603,403.730000000000,0.397000000000
1457168617,403.290000000000,0.212000000000
1457168619,403.280000000000,0.243000000000
1457168620,403.280000000000,0.556000000000
1457168742,403.580000000000,0.439000000000
1457168742,403.670000000000,25.000000000000
1457168754,403.040000000000,3.825000000000
1457168783,402.710000000000,0.620800000000
1457168788,402.220000000000,0.210000000000
1457168795,402.220000000000,1.200000000000
1457168843,401.530000000000,20.000000000000
1457168860,401.620000000000,0.599000000000
1457168863,401.420000000000,0.228000000000
1457168870,401.260000000000,0.001000000000
1457168871,401.000000000000,0.010000000000
1457168901,401.560000000000,0.010000000000
1457168901,401.560000000000,0.364000000000
1457168902,401.560000000000,2.249300000000
1457168903,401.560000000000,0.470000000000
1457168907,401.580000000000,0.070000000000
1457168908,401.450000000000,0.055000000000
1457168911,401.450000000000,0.553000000000
1457168917,401.450000000000,5.000000000000
1457168923,401.340000000000,0.101000000000
1457168928,401.540000000000,0.032000000000
1457168948,401.630000000000,0.149000000000
1457168949,401.630000000000,1.000000000000
1457168949,401.630000000000,0.553000000000
1457168950,401.880000000000,0.308000000000
1457168959,401.630000000000,0.001000000000
1457168964,401.880000000000,0.049000000000
1457168976,401.880000000000,0.487000000000
1457168977,401.610000000000,0.309000000000
1457168982,401.610000000000,0.100000000000
1457168991,401.610000000000,0.047000000000
1457168992,401.880000000000,0.015000000000
1457168992,401.880000000000,1.000000000000
1457168996,401.880000000000,1.000000000000
1457169008,402.110000000000,0.122000000000
1457169018,402.110000000000,0.413000000000
1457169019,402.110000000000,0.020000000000
1457169020,401.910000000000,1.000000000000
1457169020,401.910000000000,1.000000000000
1457169020,402.110000000000,0.554000000000
1457169118,402.380000000000,2.100000000000
1457169119,402.470000000000,8.030000000000
1457169178,402.110000000000,8.030000000000
1457169193,402.810000000000,8.030000000000
1457169210,403.410000000000,0.110000000000
1457169225,403.310000000000,0.040000000000
1457169240,403.470000000000,2.148000000000
1457169240,403.410000000000,2.118000000000
1457169241,403.480000000000,6.174000000000
1457169252,403.090000000000,50.000000000000
1457169379,403.450000000000,2.173000000000
1457169379,403.480000000000,2.206000000000
1457169380,403.540000000000,5.065000000000
1457169380,403.530000000000,2.186000000000
1457169401,403.540000000000,0.050000000000
1457169685,403.080000000000,20.000000000000
1457169807,402.850000000000,1.563000000000
1457169939,403.110000000000,20.000000000000
1457169939,403.220000000000,2.000000000000
1457169940,403.540000000000,44.885000000000
1457169940,403.260000000000,30.100000000000
1457170066,402.740000000000,0.047000000000
1457170192,402.710000000000,20.000000000000
1457170233,403.140000000000,0.800000000000
1457170267,403.030000000000,0.500000000000
1457170330,402.550000000000,8.240000000000
1457170360,402.470000000000,4.980000000000
1457170387,402.350000000000,5.000000000000
1457170490,402.850000000000,0.010000000000
1457170547,402.920000000000,1.694000000000
1457170548,403.020000000000,1.956000000000
1457170828,403.140000000000,20.000000000000
1457170917,403.190000000000,4.751600000000
1457171412,403.380000000000,0.130500000000
1457171476,403.430000000000,0.068800000000
1457171491,403.370000000000,4.700000000000
1457172490,403.000000000000,0.025100000000
1457173031,403.100000000000,24.280000000000
1457173035,402.910000000000,1.253000000000
1457173035,402.880000000000,7.710000000000
1457173270,403.320000000000,0.119900000000
1457173306,403.380000000000,0.110000000000
1457173782,403.680000000000,0.610000000000
1457174050,403.380000000000,25.000000000000
1457174050,403.530000000000,1.357000000000
1457174050,403.740000000000,8.490000000000
1457174053,403.320000000000,1.616000000000
1457174056,404.270000000000,20.000000000000
1457174080,403.520000000000,1.478000000000
1457174080,403.320000000000,1.633000000000
1457174086,403.130000000000,3.114000000000
1457174086,403.130000000000,0.031700000000
1457174120,403.590000000000,7.880000000000
1457174120,403.590000000000,18.100000000000
1457174647,403.910000000000,1.475000000000
1457174651,403.920000000000,1.241000000000
1457174653,403.920000000000,20.000000000000
1457174656,404.090000000000,1.118000000000
1457174770,403.890000000000,1.143000000000
1457174808,403.710000000000,1.360000000000
1457174808,403.890000000000,1.430000000000
1457174808,403.900000000000,1.228000000000
1457174809,403.900000000000,20.000000000000
1457175559,403.910000000000,1.053000000000
1457175919,403.830000000000,3.296000000000
1457175920,403.720000000000,7.940000000000
1457176048,403.850000000000,1.588000000000
1457176048,403.710000000000,1.578000000000
1457176070,403.810000000000,1.545000000000
1457176077,403.850000000000,1.707000000000
1457176151,404.100000000000,0.014600000000
1457176511,404.300000000000,20.000000000000
1457176580,404.900000000000,20.000000000000
1457176659,405.520000000000,6.144000000000
1457176888,405.460000000000,0.025300000000
1457177441,405.100000000000,1.298000000000
1457177441,405.200000000000,22.170000000000
1457177441,404.960000000000,25.000000000000
1457178234,404.980000000000,10.000000000000
1457178236,404.500000000000,1.070000000000
1457178239,404.290000000000,1.549000000000
1457178256,404.290000000000,7.770000000000
1457178537,404.480000000000,1.390000000000
1457178642,404.550000000000,1.682000000000
1457178719,404.490000000000,1.514000000000
1457178719,404.540000000000,1.425000000000
1457178719,404.680000000000,1.439000000000
1457178719,404.910000000000,1.364000000000
1457178720,404.220000000000,3.920000000000
1457178723,404.130000000000,25.000000000000
1457178729,404.110000000000,1.241000000000
1457178987,404.080000000000,1.307000000000
1457178987,404.320000000000,10.000000000000
1457179251,403.270000000000,1.226000000000
1457179312,403.080000000000,1.570000000000
1457179347,403.090000000000,0.022700000000
1457179377,403.260000000000,1.256000000000
1457179378,403.090000000000,1.059000000000
1457179378,402.990000000000,25.000000000000
1457179378,402.880000000000,1.444000000000
1457179382,402.980000000000,6.410000000000
1457179387,403.270000000000,7.870000000000
1457179699,402.770000000000,0.086700000000
1457179819,402.530000000000,7.870000000000
1457179820,402.520000000000,25.000000000000
1457179873,402.830000000000,8.360000000000
1457180637,402.570000000000,20.000000000000
1457180873,402.920000000000,8.030000000000
1457180888,402.920000000000,8.360000000000
1457180889,402.920000000000,3.610000000000
1457181041,403.280000000000,20.000000000000
1457181042,403.690000000000,1.030000000000
1457181322,403.270000000000,1.508000000000
1457181403,403.290000000000,1.081000000000
1457181409,403.400000000000,1.494000000000
1457181410,403.480000000000,1.260000000000
1457181841,403.070000000000,10.000000000000
1457182000,402.660000000000,1.103000000000
1457182000,402.870000000000,1.260000000000
1457182000,403.080000000000,1.366000000000
1457182057,403.130000000000,2.894000000000
1457182132,402.650000000000,20.000000000000
1457182156,402.870000000000,3.107000000000
1457182241,402.570000000000,0.200000000000
1457182620,402.490000000000,20.000000000000
1457182818,402.390000000000,0.260800000000
1457182843,402.400000000000,0.260800000000
1457182896,401.890000000000,0.260700000000
1457182938,402.240000000000,64.719900000000
1457182943,402.090000000000,35.280100000000
1457183251,401.530000000000,50.000000000000
1457183301,401.270000000000,20.000000000000
1457183307,401.030000000000,20.000000000000
1457183742,400.850000000000,8.230000000000
1457183947,400.870000000000,0.200000000000
1457184369,401.180000000000,25.000000000000
1457184370,401.040000000000,25.000000000000
1457184452,400.910000000000,8.170000000000
1457184571,400.000000000000,5.000000000000
1457184571,400.390000000000,64.173500000000
1457184571,400.030000000000,0.250000000000
1457184574,400.000000000000,70.000000000000
1457184578,400.000000000000,100.000000000000
1457184579,400.000000000000,60.576500000000
1457184724,400.080000000000,20.000000000000
1457185063,400.800000000000,25.000000000000
1457185170,401.300000000000,1.555000000000
1457185170,401.090000000000,1.711000000000
1457185270,400.940000000000,59.579200000000
1457185271,400.310000000000,10.080000000000
1457185271,400.340000000000,79.298600000000
1457185271,399.980000000000,2.000000000000
1457185271,399.630000000000,1.302000000000
1457185272,399.510000000000,167.225700000000
1457185272,399.530000000000,20.000000000000
1457185273,399.400000000000,1.479000000000
1457185277,399.190000000000,1.462000000000
1457185284,398.860000000000,0.555500000000
1457185289,398.720000000000,0.623900000000
1457185295,398.560000000000,247.288700000000
1457185299,398.120000000000,164.556900000000
1457185302,398.110000000000,44.548500000000
1457185341,400.040000000000,12.190000000000
1457185348,399.620000000000,11.880000000000
1457185362,399.690000000000,11.370000000000
1457185367,399.800000000000,0.300000000000
1457185689,400.540000000000,1.837000000000
1457185994,401.230000000000,1.288000000000
1457185994,401.130000000000,1.590000000000
1457185995,401.000000000000,1.708000000000
1457187592,398.540000000000,0.966000000000
1457187882,399.470000000000,2.243900000000
1457188230,398.540000000000,10.000000000000
1457188435,398.110000000000,55.451500000000
1457188452,398.000000000000,2.622900000000
1457188452,398.000000000000,77.377100000000
1457188459,397.680000000000,0.822200000000
1457188459,397.860000000000,1.000000000000
1457188459,397.660000000000,1.628000000000
1457188522,397.540000000000,20.000000000000
1457188580,396.920000000000,1.713000000000
1457188620,396.920000000000,0.056100000000
1457188620,396.860000000000,1.000000000000
1457188651,396.550000000000,1.285000000000
1457188652,396.140000000000,1.882000000000
1457188652,396.160000000000,0.999000000000
1457188652,396.370000000000,1.290000000000
1457188670,396.840000000000,43.730000000000
1457188695,396.540000000000,25.000000000000
1457188697,396.180000000000,1.461000000000
1457188697,396.410000000000,1.397000000000
1457188697,395.940000000000,1.140000000000
1457188698,395.940000000000,8.200000000000
1457188701,395.860000000000,1.000000000000
1457188709,396.010000000000,6.040000000000
1457188711,395.870000000000,1.253000000000
1457188935,395.560000000000,20.000000000000
1457188935,395.510000000000,25.000000000000
1457188974,394.770000000000,0.630100000000
1457188975,394.550000000000,25.000000000000
1457188994,394.130000000000,10.000000000000
1457188994,393.680000000000,1.000000000000
1457188997,393.600000000000,20.000000000000
1457188998,393.600000000000,0.001000000000
1457188999,393.610000000000,0.200000000000
1457189024,393.020000000000,25.000000000000
1457189049,392.630000000000,1.398000000000
1457189056,391.640000000000,20.000000000000
1457189063,390.870000000000,0.636400000000
1457189066,390.750000000000,0.001100000000
1457189083,390.000000000000,5.000000000000
1457189084,390.000000000000,50.000000000000
1457189094,389.690000000000,20.000000000000
1457189110,389.000000000000,30.000000000000
1457189113,388.000000000000,2.000000000000
1457189113,387.880000000000,0.700000000000
1457189113,388.000000000000,2.100000000000
1457189115,387.680000000000,2.000000000000
1457189115,387.750000000000,20.000000000000
1457189117,386.790000000000,5.098400000000
1457189117,387.100000000000,0.001000000000
1457189117,387.290000000000,1.313000000000
1457189117,387.000000000000,0.642800000000
1457189120,386.790000000000,6.875900000000
1457189159,391.410000000000,44.915700000000
1457189159,392.080000000000,55.084300000000
1457189171,391.900000000000,0.639600000000
1457189172,391.900000000000,12.360000000000
1457189216,391.930000000000,3.000000000000
1457189224,391.430000000000,0.208000000000
1457189274,391.360000000000,15.850000000000
1457189274,391.370000000000,0.050000000000
1457189278,391.390000000000,5.746900000000
1457189312,391.990000000000,0.509700000000
1457189403,391.320000000000,20.000000000000
1457189462,393.230000000000,20.000000000000
1457189484,393.250000000000,1.900000000000
1457189490,393.250000000000,2.601000000000
1457189491,393.000000000000,3.000000000000
1457189491,393.250000000000,26.079000000000
1457189492,392.860000000000,0.500000000000
1457189531,389.180000000000,25.000000000000
1457189531,391.140000000000,0.500000000000
1457189612,391.890000000000,3.389000000000
1457189630,391.950000000000,8.230000000000
1457189630,392.120000000000,20.000000000000
1457189940,393.670000000000,8.230000000000
1457189947,393.650000000000,18.210000000000
1457190083,394.170000000000,3.000000000000
1457190158,394.070000000000,7.000000000000
1457190158,394.070000000000,30.000000000000
1457190216,394.170000000000,50.637700000000
1457190217,394.170000000000,46.362300000000
1457190218,394.480000000000,16.291100000000
1457190218,394.480000000000,3.708900000000
1457190278,394.600000000000,3.000000000000
1457190460,392.580000000000,7.600000000000
1457190636,393.360000000000,7.600000000000
1457190689,394.060000000000,8.180000000000
1457190852,394.370000000000,8.180000000000
1457191137,394.770000000000,0.633300000000
1457191228,395.100000000000,0.433000000000
1457191736,395.290000000000,3.260000000000
1457191799,395.510000000000,20.000000000000
1457191813,394.940000000000,7.700000000000
1457192276,395.460000000000,1.276000000000
1457192438,395.160000000000,7.542000000000
1457192537,394.960000000000,0.019900000000
1457192546,394.470000000000,7.549000000000
1457192560,393.490000000000,7.900000000000
1457192608,393.230000000000,20.000000000000
1457192652,393.560000000000,17.660000000000
1457192860,393.820000000000,7.566000000000
1457192860,393.620000000000,5.920000000000
1457192911,393.020000000000,0.020000000000
1457192914,393.000000000000,2.000000000000
1457193073,393.700000000000,25.500000000000
1457193092,393.900000000000,1.746000000000
1457193092,393.990000000000,1.932000000000
1457193093,394.160000000000,2.088000000000
1457193131,394.420000000000,1.767000000000
1457193149,394.200000000000,1.291000000000
1457193249,394.530000000000,1.672000000000
1457193337,394.700000000000,1.809000000000
1457193416,394.260000000000,3.245000000000
1457193447,393.940000000000,6.800000000000
1457193633,392.960000000000,6.608000000000
1457193713,391.580000000000,1.950000000000
1457193758,390.870000000000,0.639600000000
1457193758,391.050000000000,2.075000000000
1457193761,390.810000000000,1.936000000000
1457193769,390.560000000000,1.717000000000
1457193773,390.260000000000,69.507700000000
1457193777,390.260000000000,30.492300000000
1457193800,389.620000000000,20.000000000000
1457193877,389.290000000000,14.760000000000
1457193877,389.580000000000,1.734000000000
1457193885,389.370000000000,2.541000000000
1457193889,389.420000000000,2.604000000000
1457193889,389.380000000000,2.520000000000
1457193892,389.720000000000,2.715000000000
1457193892,389.690000000000,2.486000000000
1457193894,390.070000000000,2.810000000000
1457193894,390.040000000000,20.000000000000
1457193906,389.930000000000,2.357000000000
1457193935,390.030000000000,2.727000000000
1457194034,390.500000000000,5.811000000000
1457194064,390.490000000000,1.954000000000
1457194065,390.450000000000,3.915000000000
1457194101,390.970000000000,8.030000000000
1457194169,390.640000000000,8.040000000000
1457194410,391.380000000000,0.085000000000
1457194597,389.940000000000,0.260000000000
1457194597,390.050000000000,0.010000000000
1457194633,389.890000000000,10.500000000000
1457194765,390.310000000000,2.200000000000
1457194765,390.040000000000,2.017000000000
1457194765,390.020000000000,1.592000000000
1457194792,389.890000000000,0.050000000000
1457194954,390.300000000000,2.196000000000
1457195241,390.160000000000,25.000000000000
1457195241,390.560000000000,2.252000000000
1457195241,390.890000000000,75.556400000000
1457195241,391.480000000000,57.122000000000
1457195242,390.100000000000,140.069600000000
1457195374,391.910000000000,1.933000000000
1457195375,391.920000000000,5.757000000000
1457195416,391.920000000000,0.310000000000
1457195534,392.050000000000,1.947000000000
1457195563,391.970000000000,2.120000000000
1457195563,392.360000000000,5.485000000000
1457195563,392.230000000000,1.975000000000
1457195610,392.180000000000,0.440000000000
1457195616,392.160000000000,49.331100000000
1457195619,391.340000000000,65.229700000000
1457195621,391.100000000000,2.147000000000
1457195624,390.840000000000,1.835000000000
1457195627,390.770000000000,136.801200000000
1457195627,390.560000000000,2.257000000000
1457195627,390.290000000000,2.328000000000
1457195628,390.000000000000,39.631000000000
1457195722,391.090000000000,2.078000000000
1457195896,390.480000000000,3.816000000000
1457195980,389.970000000000,2.085000000000
1457195994,390.010000000000,2.041000000000
1457196130,389.210000000000,20.000000000000
1457196133,389.400000000000,2.059000000000
1457196289,387.890000000000,18.870000000000
1457196292,387.900000000000,1.876000000000
1457196292,387.580000000000,2.120000000000
1457196292,387.780000000000,40.347700000000
1457196292,387.880000000000,2.080000000000
1457196293,387.320000000000,2.131000000000
1457196293,387.540000000000,25.000000000000
1457196296,387.200000000000,53.619200000000
1457196296,387.020000000000,1.677000000000
1457196297,387.000000000000,0.646000000000
1457196297,387.010000000000,11.090000000000
1457196303,386.720000000000,1.668000000000
1457196309,386.330000000000,0.280000000000
1457196309,386.400000000000,100.000000000000
1457196310,386.000000000000,43.951600000000
1457196310,386.000000000000,34.210800000000
1457196310,386.290000000000,111.928500000000
1457196310,386.000000000000,38.281400000000
1457196311,386.000000000000,29.092800000000
1457196348,387.020000000000,1.736000000000
1457196348,387.300000000000,1.967000000000
1457196349,386.510000000000,2.151000000000
1457196354,386.400000000000,1.690000000000
1457196355,386.400000000000,11.580000000000
1457196427,386.400000000000,2.250000000000
1457196430,386.400000000000,0.240000000000
1457196439,386.400000000000,29.357800000000
1457196440,386.400000000000,39.695100000000
1457196443,386.400000000000,9.333100000000
1457196620,390.260000000000,10.000000000000
1457196630,390.260000000000,25.000000000000
1457196666,390.260000000000,25.000000000000
1457196696,390.260000000000,25.000000000000
1457196733,390.870000000000,0.639600000000
1457196733,390.260000000000,15.000000000000
1457196778,392.680000000000,2.284000000000
1457196782,392.690000000000,2.716000000000
1457196826,393.020000000000,2.534000000000
1457196829,393.060000000000,2.466000000000
1457196859,392.540000000000,5.000000000000
1457196882,392.370000000000,0.010000000000
1457196886,392.350000000000,1.503600000000
1457196914,392.440000000000,5.000000000000
1457196923,392.470000000000,5.000000000000
1457196957,391.970000000000,5.000000000000
1457197002,392.120000000000,5.000000000000
1457197137,391.630000000000,8.160000000000
1457197138,391.630000000000,16.840000000000
1457197214,392.270000000000,0.280000000000
1457197233,392.630000000000,0.280000000000
1457197246,392.630000000000,0.280000000000
1457197259,393.410000000000,2.290000000000
1457197288,393.520000000000,1.528000000000
1457197342,394.140000000000,0.150000000000
1457197348,394.140000000000,5.300000000000
1457197423,394.170000000000,5.000000000000
1457197423,394.170000000000,0.050000000000
1457197436,394.170000000000,5.000000000000
1457197451,394.170000000000,5.000000000000
1457197459,394.170000000000,2.200600000000
1457197466,394.170000000000,2.250000000000
1457197467,394.170000000000,5.000000000000
1457197481,394.170000000000,2.250000000000
1457197487,394.170000000000,5.000000000000
1457197490,394.170000000000,2.250000000000
1457197510,394.170000000000,2.250000000000
1457197531,394.170000000000,2.250000000000
1457197537,394.170000000000,1.104500000000
1457197539,394.170000000000,2.250000000000
1457197552,394.170000000000,2.250000000000
1457197572,394.170000000000,2.250000000000
1457197581,394.170000000000,5.000000000000
1457197582,394.170000000000,2.250000000000
1457197592,394.170000000000,5.000000000000
1457197597,394.170000000000,2.250000000000
1457197641,394.170000000000,5.000000000000
1457197678,393.700000000000,5.000000000000
1457197702,393.810000000000,5.000000000000
1457197732,393.810000000000,4.500000000000
1457197759,393.810000000000,0.023900000000
1457197770,393.790000000000,0.250000000000
1457197774,393.810000000000,0.298200000000
1457197946,393.940000000000,4.500000000000
1457197951,393.940000000000,0.546700000000
1457197962,393.940000000000,1.703300000000
1457198068,394.050000000000,2.249300000000
1457198239,394.060000000000,0.440000000000
1457198248,394.060000000000,3.160000000000
1457198248,394.060000000000,1.340000000000
1457198263,394.040000000000,0.543800000000
1457198272,394.040000000000,3.956200000000
1457198291,394.170000000000,1.087600000000
1457198309,394.150000000000,3.412400000000
1457198340,394.170000000000,4.500000000000
1457198489,394.170000000000,3.955900000000
1457198493,394.170000000000,2.250000000000
1457198497,393.970000000000,0.270000000000
1457198912,394.170000000000,2.247300000000
1457198922,394.170000000000,2.250000000000
1457198937,394.170000000000,2.250000000000
1457198970,394.170000000000,4.500000000000
1457198978,394.170000000000,0.544100000000
1457198993,394.170000000000,3.955900000000
1457199011,394.170000000000,1.088000000000
1457199016,394.170000000000,1.162000000000
1457199027,394.170000000000,2.250000000000
1457199037,394.220000000000,0.145900000000
1457199037,394.170000000000,2.104100000000
1457199050,394.220000000000,2.250000000000
1457199071,394.220000000000,2.250000000000
1457199206,394.340000000000,2.249300000000
1457199469,394.110000000000,0.450000000000
1457199500,394.060000000000,5.000000000000
1457199512,394.060000000000,5.000000000000
1457199521,394.060000000000,5.000000000000
1457199538,394.060000000000,5.000000000000
1457199763,394.760000000000,0.124100000000
1457199910,394.760000000000,0.075900000000
1457199911,394.770000000000,0.197200000000
1457199980,394.770000000000,0.436100000000
1457199980,395.070000000000,0.074600000000
1457200040,395.070000000000,0.706700000000
1457200080,395.210000000000,0.132100000000
1457200192,396.860000000000,0.250000000000
1457200221,395.860000000000,0.160200000000
1457200247,396.060000000000,0.902100000000
1457200302,397.090000000000,1.000000000000
1457200343,397.310000000000,0.800800000000
1457200391,396.970000000000,2.047700000000
1457200479,397.770000000000,0.340000000000
1457200531,397.310000000000,0.027400000000
1457200647,397.770000000000,0.078400000000
1457200964,397.650000000000,0.200000000000
1457201512,396.980000000000,4.500000000000
1457201518,396.980000000000,0.508200000000
1457201538,396.980000000000,3.991800000000
1457201671,397.310000000000,0.064900000000
1457201688,397.310000000000,1.014800000000
1457201713,397.270000000000,1.168000000000
1457201716,397.430000000000,0.064500000000
1457201809,396.600000000000,2.250000000000
1457202533,397.080000000000,0.016000000000
1457202947,396.990000000000,0.021000000000
1457203066,397.270000000000,1.176000000000
1457203069,397.480000000000,1.404000000000
1457203070,397.690000000000,0.242200000000
1457203428,397.110000000000,0.433800000000
1457204261,395.610000000000,0.020000000000
1457204630,395.630000000000,0.180000000000
1457204915,395.790000000000,0.320000000000
1457205331,395.660000000000,0.550000000000
1457205491,395.690000000000,1.326000000000
1457205498,395.690000000000,0.650000000000
1457205850,396.470000000000,0.310000000000
1457206340,398.110000000000,0.350000000000
1457206911,398.100000000000,0.076000000000
1457206912,398.100000000000,0.040000000000
1457207308,398.110000000000,0.230000000000
1457207381,398.110000000000,0.850000000000
1457207392,398.110000000000,0.010000000000
1457209406,397.820000000000,0.100000000000
1457209406,397.820000000000,0.020000000000
1457209419,397.790000000000,1.914800000000
1457209601,397.410000000000,4.060000000000
1457209784,397.080000000000,0.260000000000
1457209981,397.000000000000,4.100000000000
1457211692,396.980000000000,0.001000000000
1457212450,398.110000000000,2.806700000000
1457212544,398.110000000000,0.300000000000
1457212559,398.110000000000,3.133000000000
1457212614,398.110000000000,0.800000000000
1457212630,398.110000000000,25.000000000000
1457212630,398.110000000000,0.010000000000
1457212752,398.110000000000,4.500000000000
1457212759,398.110000000000,0.494200000000
1457213303,398.110000000000,0.320000000000
1457213318,398.110000000000,0.010000000000
1457213384,398.110000000000,0.200000000000
1457213414,398.110000000000,0.750000000000
1457213430,398.110000000000,1.560000000000
1457213440,398.110000000000,0.200000000000
1457213458,398.110000000000,5.000000000000
1457213473,398.110000000000,5.000000000000
1457213487,398.110000000000,0.950000000000
1457213494,398.110000000000,4.500000000000
1457213499,398.110000000000,5.000000000000
1457213509,398.110000000000,0.493900000000
1457213510,398.110000000000,0.500000000000
1457213513,398.110000000000,1.756100000000
1457213518,398.110000000000,2.250000000000
1457213529,398.110000000000,0.500000000000
1457213530,398.110000000000,0.985300000000
1457213542,398.110000000000,0.010000000000
1457213573,398.110000000000,0.290000000000
1457213593,398.110000000000,0.500000000000
1457213610,398.110000000000,3.420000000000
1457213661,398.110000000000,0.500000000000
1457213679,398.110000000000,3.000000000000
1457213679,398.110000000000,0.500000000000
1457213734,398.110000000000,0.270000000000
1457213884,397.830000000000,1.340000000000
1457213914,397.880000000000,0.190000000000
1457214097,398.100000000000,1.200000000000
1457214389,398.110000000000,3.580000000000
1457214401,398.110000000000,2.000000000000
1457214422,398.110000000000,0.750000000000
1457214432,398.110000000000,0.750000000000
1457214464,398.110000000000,0.700000000000
1457214481,398.110000000000,0.020000000000
1457214531,398.110000000000,0.750000000000
1457214551,398.110000000000,0.500000000000
1457214561,398.110000000000,4.500000000000
1457214574,398.110000000000,1.630000000000
1457214589,398.110000000000,0.010000000000
1457214610,398.110000000000,4.580000000000
1457214629,398.110000000000,3.280000000000
1457214763,398.110000000000,0.000800000000
1457214763,398.290000000000,0.969200000000
1457214793,398.720000000000,0.500000000000
1457214868,398.720000000000,0.127000000000
1457214869,398.960000000000,0.663000000000
1457214941,398.990000000000,0.510000000000
1457215021,398.990000000000,5.000000000000
1457215670,398.540000000000,1.329000000000
1457215670,398.310000000000,1.520000000000
1457215671,398.940000000000,0.002000000000
1457215671,398.750000000000,1.239000000000
1457215693,398.530000000000,1.526000000000
1457215694,398.730000000000,0.274000000000
1457215710,398.540000000000,0.870000000000
1457215722,398.540000000000,0.651000000000
1457215723,398.730000000000,1.529000000000
1457215763,398.940000000000,1.148000000000
1457215764,399.150000000000,0.002000000000
1457215790,398.760000000000,1.196000000000
1457215791,399.150000000000,1.284000000000
1457215842,399.140000000000,0.003000000000
1457215842,398.920000000000,1.487000000000
1457215873,399.140000000000,1.273000000000
1457215874,399.330000000000,0.237000000000
1457215908,399.320000000000,1.281000000000
1457215908,399.310000000000,1.779000000000
1457215910,399.150000000000,1.466000000000
1457215910,399.320000000000,4.109000000000
1457215913,399.340000000000,1.386000000000
1457215918,399.410000000000,3.039000000000
1457215939,399.070000000000,5.000000000000
1457216032,399.520000000000,0.180000000000
1457216117,399.510000000000,0.100000000000
1457216117,399.490000000000,0.180000000000
1457216184,399.800000000000,1.800000000000
1457216209,399.560000000000,0.230000000000
1457216398,399.480000000000,3.450000000000
1457216421,399.480000000000,1.080000000000
1457216474,399.830000000000,0.220000000000
1457216498,399.590000000000,5.000000000000
1457216559,399.860000000000,0.017300000000
1457216573,399.660000000000,0.300000000000
1457216689,399.570000000000,3.590000000000
1457216744,399.970000000000,2.450000000000
1457216939,400.010000000000,0.110800000000
1457217131,399.590000000000,0.230000000000
1457217173,399.140000000000,0.090800000000
1457217213,398.370000000000,1.059000000000
1457217214,398.560000000000,0.351000000000
1457217430,398.910000000000,5.000000000000
1457217568,398.980000000000,0.490000000000
1457217611,399.530000000000,0.440000000000
1457217709,399.570000000000,0.450000000000
1457217743,399.480000000000,0.450000000000
1457217828,399.570000000000,0.550000000000
1457217978,399.520000000000,0.360000000000
1457218288,399.330000000000,0.220000000000
1457219179,399.040000000000,0.240000000000
1457219719,398.460000000000,1.140000000000
1457219770,398.480000000000,0.010000000000
1457219840,398.320000000000,5.000000000000
1457219863,398.270000000000,1.555000000000
1457219867,398.310000000000,1.625000000000
1457219871,398.320000000000,1.820000000000
1457219892,398.480000000000,1.029000000000
1457219892,398.480000000000,3.971000000000
1457219953,398.320000000000,2.190000000000
1457220015,397.090000000000,1.356000000000
1457220015,397.790000000000,42.380000000000
1457220015,397.290000000000,1.218000000000
1457220015,397.470000000000,7.760000000000
1457220015,397.470000000000,1.493000000000
1457220016,396.680000000000,1.570000000000
1457220016,396.910000000000,25.000000000000
1457220016,396.880000000000,1.069000000000
1457220042,394.930000000000,0.280000000000
1457220042,395.020000000000,5.020500000000
1457220098,394.780000000000,0.200000000000
1457220133,394.960000000000,0.200000000000
1457220153,394.960000000000,5.000000000000
1457220186,394.780000000000,0.400000000000
1457220210,394.750000000000,0.200000000000
1457220210,394.750000000000,0.124000000000
1457220210,394.770000000000,0.633300000000
1457220239,394.590000000000,1.630000000000
1457220312,394.520000000000,5.000000000000
1457220340,394.700000000000,6.730000000000
1457220341,395.560000000000,1.765000000000
1457220342,395.660000000000,3.235000000000
1457220399,395.660000000000,0.210000000000
1457220479,395.470000000000,20.000000000000
1457220480,396.020000000000,5.000000000000
1457220550,395.980000000000,0.220000000000
1457220743,396.080000000000,0.500000000000
1457220765,396.080000000000,0.010000000000
1457220914,396.120000000000,1.020000000000
1457221098,396.000000000000,0.250000000000
1457221182,395.760000000000,20.000000000000
1457221183,396.080000000000,1.711000000000
1457221183,395.870000000000,1.429000000000
1457221184,396.190000000000,1.841000000000
1457221189,396.290000000000,1.717000000000
1457221198,396.290000000000,7.580000000000
1457221290,396.620000000000,0.250000000000
1457221290,396.610000000000,0.220000000000
1457221291,396.720000000000,0.030000000000
1457221454,396.400000000000,7.990000000000
1457221903,396.990000000000,0.450000000000
1457222220,396.550000000000,0.390000000000
1457222550,396.120000000000,0.010000000000
1457222567,396.500000000000,5.000000000000
1457222672,396.120000000000,2.290000000000
1457222673,396.760000000000,0.230700000000
1457222899,396.580000000000,1.190000000000
1457222993,396.400000000000,0.010000000000
1457223021,396.400000000000,5.000000000000
1457223104,396.350000000000,0.250000000000
1457223119,396.350000000000,3.150000000000
1457223332,395.820000000000,1.250000000000
1457223357,395.820000000000,0.005000000000
1457223357,395.820000000000,0.005000000000
1457223380,395.630000000000,1.085000000000
1457223381,395.660000000000,1.545000000000
1457223401,395.670000000000,5.000000000000
1457223428,395.700000000000,5.000000000000
1457223511,395.910000000000,5.000000000000
1457223643,395.340000000000,0.190000000000
1457223654,395.150000000000,0.010000000000
1457223704,395.140000000000,0.190000000000
1457223771,395.300000000000,5.000000000000
1457223829,394.850000000000,0.185000000000
1457223829,395.290000000000,4.815000000000
1457223852,395.060000000000,5.000000000000
1457223873,395.150000000000,0.950000000000
1457223978,395.230000000000,5.000000000000
1457223993,395.250000000000,4.060000000000
1457224010,395.220000000000,4.270000000000
1457224057,395.160000000000,5.000000000000
1457224475,394.480000000000,5.000000000000
1457224680,394.170000000000,86.366500000000
1457224886,394.170000000000,13.633500000000
1457225223,393.860000000000,0.450000000000
1457225301,393.080000000000,1.810000000000
1457225301,393.080000000000,0.010000000000
1457225322,393.080000000000,5.000000000000
1457225338,393.670000000000,1.630000000000
1457225341,393.680000000000,1.176000000000
1457225348,393.680000000000,2.194000000000
1457225391,393.210000000000,5.000000000000
1457225429,393.670000000000,1.237000000000
1457225429,393.670000000000,1.643000000000
1457225481,393.260000000000,5.000000000000
1457225492,393.290000000000,4.000000000000
1457225508,392.890000000000,5.000000000000
1457225541,393.460000000000,5.000000000000
1457225553,393.500000000000,0.030000000000
1457225568,393.630000000000,1.210000000000
1457225630,392.990000000000,5.000000000000
1457225649,393.100000000000,5.000000000000
1457225692,393.490000000000,5.000000000000
1457225734,392.950000000000,5.000000000000
1457225773,393.570000000000,4.620000000000
1457225973,393.270000000000,5.000000000000
1457226044,393.300000000000,5.000000000000
1457226059,393.300000000000,0.010000000000
1457226078,393.170000000000,31.144500000000
1457226338,392.690000000000,0.170000000000
1457226553,392.410000000000,0.020000000000
1457226569,392.410000000000,0.010000000000
1457226627,392.020000000000,5.000000000000
1457226654,392.090000000000,0.500000000000
1457226660,391.990000000000,25.000000000000
1457226680,391.220000000000,1.357000000000
1457226681,391.050000000000,1.516000000000
1457226683,391.050000000000,5.000000000000
1457226702,390.870000000000,0.041900000000
1457226702,390.990000000000,1.457000000000
1457226702,390.870000000000,0.639600000000
1457226702,390.880000000000,1.823000000000
1457226703,390.800000000000,1.263000000000
1457226704,390.670000000000,8.070000000000
1457226735,390.550000000000,1.149000000000
1457226744,390.480000000000,5.000000000000
1457226793,391.150000000000,5.000000000000
1457226812,390.980000000000,1.360000000000
1457226813,390.970000000000,6.260000000000
1457226813,391.110000000000,18.740000000000
1457226868,391.160000000000,0.370000000000
1457226868,391.180000000000,0.130000000000
1457226888,391.180000000000,4.990000000000
1457226888,391.160000000000,0.010000000000
1457226929,391.030000000000,5.000000000000
1457226981,390.570000000000,1.170000000000
1457226984,390.630000000000,3.640000000000
1457227035,391.340000000000,5.000000000000
1457227101,391.450000000000,0.500000000000
1457227128,391.050000000000,25.000000000000
1457227153,390.880000000000,5.000000000000
1457227189,391.420000000000,0.100000000000
1457227212,391.650000000000,1.160000000000
1457227234,391.460000000000,0.700000000000
1457227249,391.460000000000,5.000000000000
1457227270,391.900000000000,5.000000000000
1457227298,391.740000000000,5.000000000000
1457227313,391.560000000000,20.000000000000
1457227340,392.110000000000,5.000000000000
1457227380,392.180000000000,3.850000000000
1457227452,392.810000000000,0.010000000000
1457227453,392.710000000000,20.000000000000
1457227579,392.670000000000,12.990000000000
1457227580,392.650000000000,19.010000000000
1457228022,393.730000000000,0.200000000000
1457228022,393.690000000000,12.000000000000
1457228049,394.180000000000,0.200000000000
1457228201,394.770000000000,0.633300000000
1457228650,394.790000000000,1.475000000000
1457228650,394.850000000000,0.020000000000
1457228843,393.950000000000,0.010000000000
1457228850,393.880000000000,1.156000000000
1457229057,393.530000000000,0.576900000000
1457229651,392.460000000000,2.525300000000
1457229683,392.420000000000,0.930000000000
1457229776,392.670000000000,0.010000000000
1457229801,392.450000000000,1.210000000000
1457229812,392.990000000000,5.000000000000
1457229840,393.220000000000,0.140000000000
1457230252,393.010000000000,20.000000000000
1457231082,394.420000000000,1.239900000000
1457231406,393.530000000000,2.390000000000
1457231618,393.870000000000,0.010000000000
1457234501,394.940000000000,7.700000000000
1457234858,394.990000000000,20.000000000000
1457236512,396.320000000000,7.720000000000
1457237150,396.840000000000,25.000000000000
1457237249,397.370000000000,1.675000000000
1457238392,398.110000000000,22.969500000000
1457238392,398.110000000000,38.963800000000
1457238392,398.110000000000,38.066700000000
1457240423,396.660000000000,25.000000000000
1457240423,396.520000000000,1.523000000000
1457240423,397.000000000000,50.000000000000
1457240423,396.880000000000,7.830000000000
1457240437,396.170000000000,1.820000000000
1457240437,396.340000000000,1.229000000000
1457240438,395.950000000000,1.447000000000
1457240441,395.870000000000,0.260000000000
1457240482,395.090000000000,0.150000000000
1457240509,394.670000000000,2.330000000000
1457240516,394.170000000000,81.587800000000
1457240544,394.400000000000,7.870000000000
1457240559,394.470000000000,0.720000000000
1457240569,394.470000000000,7.100000000000
1457240571,394.550000000000,1.683000000000
1457240571,394.660000000000,1.699000000000
1457240597,395.430000000000,1.576000000000
1457240609,395.520000000000,0.180000000000
1457240612,395.660000000000,0.660000000000
1457241502,396.040000000000,8.320000000000
1457241508,396.010000000000,7.960000000000
1457241514,396.350000000000,1.402000000000
1457241514,396.160000000000,1.577000000000
1457241912,396.350000000000,1.782000000000
1457242618,396.710000000000,20.000000000000
1457242618,396.840000000000,8.320000000000
1457243404,397.040000000000,20.000000000000
1457245392,397.770000000000,3.438000000000
1457249454,397.670000000000,20.000000000000
1457250529,398.720000000000,0.627000000000
1457251065,399.110000000000,0.020000000000
1457252688,399.290000000000,1.000000000000
1457252708,399.290000000000,2.000000000000
1457253773,398.900000000000,0.870000000000
1457253808,398.900000000000,0.025000000000
1457256092,399.880000000000,4.200000000000
1457256575,400.240000000000,0.200000000000
1457256635,400.990000000000,2.741000000000
1457256648,400.990000000000,38.191400000000
1457256648,400.990000000000,50.877200000000
1457256649,400.990000000000,0.010000000000
1457256649,400.990000000000,8.190400000000
1457256649,401.310000000000,7.790000000000
1457256730,401.980000000000,1.054000000000
1457256756,401.840000000000,1.574000000000
1457256801,401.510000000000,1.565000000000
1457257001,402.090000000000,33.173200000000
1457257001,402.090000000000,33.896400000000
1457257008,402.090000000000,3.547000000000
1457257010,402.090000000000,25.000000000000
1457257010,402.090000000000,2.893000000000
1457257099,402.090000000000,1.490400000000
1457257252,402.640000000000,8.541000000000
1457257252,402.630000000000,1.459000000000
1457257412,402.500000000000,0.021200000000
1457257531,402.700000000000,0.200000000000
1457257531,402.710000000000,0.620800000000
1457257606,402.990000000000,5.000000000000
1457257621,402.990000000000,5.000000000000
1457257633,402.990000000000,5.000000000000
1457257648,402.990000000000,5.000000000000
1457257662,402.990000000000,5.000000000000
1457257671,402.990000000000,5.000000000000
1457257693,402.990000000000,2.600000000000
1457257704,402.990000000000,5.000000000000
1457257711,402.990000000000,31.149600000000
1457257713,402.990000000000,29.826300000000
1457257713,402.990000000000,1.424100000000
1457257714,403.690000000000,5.000000000000
1457258881,402.910000000000,0.024000000000
1457258884,402.910000000000,0.075000000000
1457258888,402.790000000000,7.750000000000
1457259411,403.710000000000,0.019200000000
1457260003,402.940000000000,0.010000000000
1457260041,402.900000000000,0.307800000000
1457260098,402.900000000000,0.247000000000
1457260354,402.900000000000,0.860000000000
1457260360,402.900000000000,2.435000000000
1457260362,402.900000000000,2.476000000000
1457260362,402.900000000000,8.110000000000
1457260365,402.900000000000,2.270000000000
1457260375,402.900000000000,10.030000000000
1457261008,402.900000000000,0.021200000000
1457261023,402.900000000000,2.523000000000
1457261031,402.900000000000,2.969000000000
1457261112,402.900000000000,2.741000000000
1457261939,403.860000000000,0.192000000000
1457262203,403.850000000000,0.953000000000
1457262523,403.870000000000,4.111000000000
1457262524,404.030000000000,0.800300000000
1457262744,404.780000000000,1.162000000000
1457262744,404.600000000000,1.210000000000
1457262777,404.790000000000,1.500000000000
1457262778,404.790000000000,1.028700000000
1457262791,404.800000000000,1.526000000000
1457262792,405.110000000000,1.906200000000
1457262792,405.020000000000,1.466000000000
1457262984,404.800000000000,1.229000000000
1457262984,404.990000000000,1.494000000000
1457262985,405.010000000000,0.464200000000
1457263733,403.820000000000,1.559000000000
1457265029,403.000000000000,0.019100000000
1457265421,403.000000000000,0.019700000000
1457265501,403.000000000000,0.084200000000
1457266048,404.890000000000,0.015000000000
1457267526,404.230000000000,0.101000000000
1457267573,404.060000000000,0.052000000000
1457268090,403.260000000000,1.404000000000
1457268296,402.890000000000,0.200000000000
1457268299,402.850000000000,0.100000000000
1457268471,402.290000000000,0.103900000000
1457268630,402.980000000000,0.020600000000
1457269016,403.140000000000,1.652000000000
1457269016,403.150000000000,7.700000000000
1457269016,403.150000000000,19.354300000000
1457269016,403.090000000000,1.630000000000
1457270860,402.850000000000,0.113000000000
1457270861,402.850000000000,0.039000000000
1457270877,402.570000000000,3.059000000000
1457270885,402.570000000000,3.122800000000
1457270934,402.540000000000,1.400000000000
1457271162,402.640000000000,0.640000000000
1457271830,403.050000000000,30.250000000000
1457271891,403.210000000000,22.484500000000
1457271891,403.210000000000,7.850000000000
1457273333,403.190000000000,0.200000000000
1457274533,404.820000000000,0.021700000000
1457276231,404.390000000000,0.015700000000
1457276795,405.010000000000,25.075300000000
1457277444,405.550000000000,0.024300000000
1457277462,405.550000000000,3.344000000000
1457277470,405.550000000000,0.853900000000
1457277474,405.740000000000,1.599100000000
1457277594,405.740000000000,0.400900000000
1457277594,406.110000000000,0.479000000000
1457277594,406.000000000000,0.620800000000
1457278395,406.110000000000,3.136000000000
1457278400,406.110000000000,3.333000000000
1457278412,406.110000000000,3.392000000000
1457278460,406.110000000000,3.374000000000
1457278477,406.110000000000,2.806000000000
1457278483,406.110000000000,25.000000000000
1457278484,406.110000000000,2.816000000000
1457278576,406.110000000000,3.984600000000
1457278583,406.110000000000,8.250000000000
1457278586,406.110000000000,13.670000000000
1457278592,406.110000000000,9.750000000000
1457278603,406.110000000000,11.790000000000
1457278607,406.110000000000,0.210000000000
1457278632,406.110000000000,8.009400000000
1457278632,406.110000000000,1.000000000000
1457278894,406.740000000000,0.159300000000
1457279776,406.740000000000,0.320200000000
1457280024,406.740000000000,0.001500000000
1457280024,406.740000000000,0.135100000000
1457280225,406.450000000000,1.192000000000
1457280228,406.450000000000,1.560000000000
1457280506,407.440000000000,0.669500000000
1457280657,408.040000000000,7.850000000000
1457280657,408.040000000000,22.814900000000
1457280660,408.040000000000,19.445100000000
1457280660,408.060000000000,11.047800000000
1457280792,408.300000000000,1.668000000000
1457280792,408.490000000000,0.162000000000
1457280812,408.100000000000,0.150000000000
1457280835,408.280000000000,3.333000000000
1457280835,408.100000000000,1.397000000000
1457280856,408.260000000000,1.616000000000
1457280856,408.290000000000,3.384000000000
1457280885,408.000000000000,0.800000000000
1457280960,408.210000000000,2.540000000000
1457280986,408.120000000000,1.171000000000
1457280987,408.180000000000,1.345000000000
1457280987,408.190000000000,2.484000000000
1457281244,407.620000000000,0.030000000000
1457282003,407.320000000000,1.300000000000
1457282026,407.500000000000,0.001000000000
1457282026,407.310000000000,1.239000000000
1457282253,406.730000000000,0.610000000000
1457282956,406.290000000000,25.000000000000
1457283215,406.560000000000,5.000000000000
1457283227,406.560000000000,15.000000000000
1457283284,406.690000000000,2.580000000000
1457283796,406.390000000000,1.693300000000
1457283802,406.350000000000,0.140000000000
1457283828,406.110000000000,5.000000000000
1457283830,406.100000000000,0.200000000000
1457283831,406.030000000000,14.390000000000
1457283831,405.950000000000,20.000000000000
1457283831,405.730000000000,0.158000000000
1457283831,405.810000000000,25.000000000000
1457283832,405.720000000000,1.665000000000
1457283832,405.700000000000,8.040000000000
1457283954,406.120000000000,1.090000000000
1457284806,405.790000000000,1.114000000000
1457285273,405.760000000000,20.000000000000
1457285425,405.970000000000,0.160000000000
1457285532,405.990000000000,0.180000000000
1457285553,405.800000000000,0.070000000000
1457285592,405.800000000000,9.000000000000
1457285615,405.980000000000,0.300000000000
1457285747,406.160000000000,0.090000000000
1457285812,406.170000000000,0.040000000000
1457285886,406.030000000000,0.150000000000
1457285913,405.800000000000,0.090000000000
1457285934,405.950000000000,0.250000000000
1457285950,405.950000000000,0.060000000000
1457285991,406.020000000000,0.020000000000
1457286088,406.060000000000,0.200000000000
1457286195,406.120000000000,0.230000000000
1457286273,406.370000000000,2.000000000000
1457286280,406.370000000000,0.120000000000
1457286382,406.160000000000,0.030000000000
1457286464,406.360000000000,0.260000000000
1457286487,406.360000000000,0.200000000000
1457286775,406.370000000000,5.000000000000
1457286791,406.370000000000,5.000000000000
1457286807,406.810000000000,5.000000000000
1457286837,406.720000000000,0.210000000000
1457286886,406.720000000000,0.150000000000
1457286969,406.490000000000,0.160000000000
1457287033,406.420000000000,2.060000000000
1457287074,406.310000000000,0.020000000000
1457287434,406.300000000000,0.130000000000
1457287452,406.290000000000,0.100000000000
1457287475,405.960000000000,4.500000000000
1457287575,406.030000000000,0.020000000000
1457287591,406.030000000000,19.980000000000
1457290782,406.620000000000,0.750000000000
1457290794,406.620000000000,0.250000000000
1457290823,406.620000000000,0.750000000000
1457290833,406.620000000000,0.510000000000
1457290860,406.620000000000,0.500000000000
1457290871,406.640000000000,0.370000000000
1457290885,406.640000000000,0.380000000000
1457290901,406.640000000000,0.100000000000
1457290912,406.640000000000,0.100000000000
1457290920,406.640000000000,1.550000000000
1457290963,406.670000000000,0.110000000000
1457291034,406.670000000000,0.510000000000
1457291057,406.670000000000,0.010000000000
1457291065,406.670000000000,0.500000000000
1457291080,406.670000000000,0.500000000000
1457291092,406.650000000000,0.120000000000
1457291114,406.670000000000,0.320000000000
1457291442,407.130000000000,4.700000000000
1457291471,407.030000000000,0.010000000000
1457291472,407.050000000000,0.490000000000
1457291486,407.050000000000,0.700000000000
1457291501,407.050000000000,0.500000000000
1457291514,407.050000000000,0.530000000000
1457291544,407.170000000000,1.580000000000
1457291566,407.170000000000,0.500000000000
1457291575,407.030000000000,1.550000000000
1457291593,407.030000000000,1.780000000000
1457291612,407.210000000000,1.090000000000
1457291682,407.570000000000,0.220000000000
1457291694,407.570000000000,0.220000000000
1457291712,407.570000000000,0.750000000000
1457292533,407.160000000000,2.830000000000
1457292574,407.170000000000,0.500000000000
1457292704,407.580000000000,0.110000000000
1457293011,407.030000000000,0.010000000000
1457293012,407.050000000000,0.320000000000
1457293241,406.860000000000,1.500000000000
1457293247,406.820000000000,2.280000000000
1457293295,406.760000000000,4.180000000000
1457293568,406.740000000000,0.010000000000
1457293824,406.810000000000,1.650000000000
1457293932,406.400000000000,2.290000000000
1457293947,406.430000000000,0.240000000000
1457293972,406.430000000000,1.690000000000
1457294065,406.820000000000,0.500000000000
1457294073,406.820000000000,0.500000000000
1457294085,406.820000000000,0.398000000000
1457294086,406.830000000000,0.102000000000
1457294106,406.830000000000,0.500000000000
1457294123,406.830000000000,0.500000000000
1457294133,406.250000000000,0.030000000000
1457294148,406.190000000000,5.000000000000
1457294247,406.850000000000,3.730000000000
1457294247,406.810000000000,1.270000000000
1457294401,406.820000000000,1.010000000000
1457294666,406.100000000000,1.100000000000
1457294806,405.790000000000,1.563500000000
1457294806,405.790000000000,1.340200000000
1457294806,405.790000000000,1.563300000000
1457294903,404.770000000000,1.298000000000
1457295192,405.090000000000,1.687000000000
1457295474,405.320000000000,1.403000000000
1457295474,405.370000000000,1.179000000000
1457295474,405.320000000000,0.010000000000
1457295791,405.350000000000,0.098000000000
1457295791,405.090000000000,0.960600000000
1457295791,405.350000000000,0.100000000000
1457296431,405.140000000000,0.100000000000
1457298066,405.910000000000,0.010000000000
1457298067,405.890000000000,33.990000000000
1457298692,406.070000000000,0.101000000000
1457298692,406.070000000000,0.007000000000
1457298705,405.720000000000,0.100000000000
1457298706,405.720000000000,0.005000000000
1457298763,405.950000000000,1.340000000000
1457298764,405.930000000000,1.044000000000
1457298771,405.880000000000,0.010000000000
1457298772,405.880000000000,1.348000000000
1457299096,405.860000000000,0.102000000000
1457299830,405.500000000000,0.100000000000
1457299833,405.460000000000,0.098000000000
1457300724,405.430000000000,0.100000000000
1457301841,405.280000000000,0.103000000000
1457301842,405.090000000000,1.789200000000
1457301846,404.930000000000,8.100000000000
1457302072,405.060000000000,0.181000000000
1457302077,405.430000000000,0.287000000000
