1462990572,453.600000000000,5.000000000000
1462990601,453.680000000000,0.794400000000
1462990894,453.660000000000,0.018100000000
1462990981,453.590000000000,20.149400000000
1462990981,453.590000000000,38.070800000000
1462990981,453.590000000000,55.875400000000
1462990981,453.590000000000,32.339900000000
1462990981,453.590000000000,23.975200000000
1462990982,453.590000000000,54.723300000000
1462990984,453.590000000000,12.936800000000
1462990984,453.590000000000,22.063200000000
1462991215,453.590000000000,77.936800000000
1462991215,453.590000000000,42.063200000000
1462991391,453.700000000000,24.999000000000
1462991391,453.740000000000,15.634400000000
1462991391,453.690000000000,23.663500000000
1462991391,453.670000000000,4.800000000000
1462991573,453.640000000000,3.975000000000
1462991695,453.590000000000,0.010000000000
1462991717,453.620000000000,5.000000000000
1462991718,453.630000000000,2.500000000000
1462991780,453.590000000000,3.816000000000
1462991878,453.590000000000,54.021000000000
1462991896,453.590000000000,0.059900000000
1462992085,453.600000000000,25.000000000000
1462992269,453.590000000000,0.029900000000
1462992269,453.590000000000,0.070100000000
1462992472,453.630000000000,0.210100000000
1462992484,453.590000000000,52.205500000000
1462992488,453.590000000000,3.880000000000
1462992489,453.590000000000,43.844400000000
1462992489,453.590000000000,42.582800000000
1462992489,453.590000000000,6.885300000000
1462992489,453.590000000000,50.531900000000
1462992490,453.590000000000,7.076200000000
1462992491,453.590000000000,3.732000000000
1462992501,453.590000000000,2.700000000000
1462992588,453.590000000000,3.903000000000
1462992590,453.590000000000,47.028600000000
1462992591,453.590000000000,45.274700000000
1462992591,453.590000000000,35.560200000000
1462992591,453.590000000000,9.316500000000
1462992744,453.620000000000,1.047100000000
1462992862,453.290000000000,5.000000000000
1462992863,453.280000000000,12.544200000000
1462992903,453.620000000000,5.000000000000
1462993105,453.090000000000,0.500000000000
1462993115,453.590000000000,0.013000000000
1462993116,453.090000000000,0.500000000000
1462993126,453.090000000000,1.381600000000
1462993387,453.590000000000,1.181000000000
1462993475,453.200000000000,0.881600000000
1462993626,453.200000000000,2.358700000000
1462993626,453.220000000000,0.100000000000
1462993689,453.550000000000,3.304000000000
1462993724,453.270000000000,1.906600000000
1462993744,453.270000000000,0.500000000000
1462993790,453.550000000000,0.206900000000
1462993836,453.270000000000,0.500000000000
1462993855,453.550000000000,1.733800000000
1462993855,453.530000000000,0.100000000000
1462993866,453.270000000000,0.500000000000
1462993926,453.270000000000,0.500000000000
1462993957,453.270000000000,0.500000000000
1462994037,453.270000000000,1.304100000000
1462994047,453.270000000000,0.500000000000
1462994069,453.270000000000,1.304100000000
1462994077,453.260000000000,0.500000000000
1462994105,453.630000000000,26.566500000000
1462994105,453.550000000000,49.755300000000
1462994159,453.550000000000,60.913200000000
1462994220,453.510000000000,1.249800000000
1462994389,453.630000000000,27.178400000000
1462994389,453.560000000000,45.000000000000
1462994502,453.620000000000,70.000000000000
1462994629,453.630000000000,0.590100000000
1462994988,453.620000000000,0.590200000000
1462995180,453.440000000000,2.809000000000
1462995214,453.620000000000,0.928800000000
1462995325,453.440000000000,49.138700000000
1462995325,453.450000000000,2.430000000000
1462995464,453.620000000000,1.422900000000
1462995565,453.450000000000,0.090000000000
1462996002,453.630000000000,2.760000000000
1462996009,453.630000000000,3.738000000000
1462996096,453.890000000000,2.000000000000
1462996096,453.630000000000,1.000000000000
1462996096,453.630000000000,6.456900000000
1462996097,453.990000000000,60.361400000000
1462996405,453.990000000000,2.400000000000
1462996500,453.990000000000,2.400000000000
1462996567,453.990000000000,34.838600000000
1462996674,454.160000000000,65.000000000000
1462998039,453.850000000000,0.045200000000
1462998116,453.670000000000,1.669000000000
1462998117,453.550000000000,7.011300000000
1462998117,453.540000000000,1.766000000000
1462998117,453.440000000000,16.553000000000
1462998117,453.660000000000,1.340000000000
1462998117,453.440000000000,38.052300000000
1462998136,453.590000000000,0.010300000000
1462998146,453.440000000000,70.346700000000
1462998149,453.440000000000,3.100300000000
1462998149,453.450000000000,2.433000000000
1462998150,453.440000000000,65.091000000000
1462998340,453.460000000000,0.027800000000
1462998355,453.460000000000,0.013900000000
1462998375,453.460000000000,1.023800000000
1462998376,453.440000000000,44.662300000000
1462998376,453.440000000000,24.909000000000
1462998433,453.520000000000,0.058600000000
1462998449,453.520000000000,0.047000000000
1462998476,453.520000000000,0.720000000000
1462998879,453.440000000000,45.011700000000
1462998892,453.340000000000,1.242000000000
1462998892,453.090000000000,1.758000000000
1462998892,453.130000000000,1.207000000000
1462998893,453.080000000000,5.000000000000
1462998895,453.100000000000,2.760000000000
1462998920,453.000000000000,3.501000000000
1462998949,453.000000000000,1.847400000000
1462999266,452.750000000000,10.000000000000
1462999266,452.750000000000,10.000000000000
1462999267,452.750000000000,10.000000000000
1462999267,452.550000000000,17.658200000000
1462999267,452.750000000000,10.000000000000
1462999267,452.700000000000,5.000000000000
1462999267,452.750000000000,10.000000000000
1462999297,452.550000000000,2.341800000000
1462999398,452.550000000000,0.061000000000
1462999439,452.550000000000,2.969000000000
1462999443,452.550000000000,3.561000000000
1462999556,452.550000000000,2.438000000000
1462999621,452.550000000000,0.029000000000
1462999631,452.550000000000,1.293200000000
1462999661,452.550000000000,0.073200000000
1462999747,452.250000000000,18.660000000000
1462999747,452.180000000000,1.790000000000
1462999747,452.500000000000,10.000000000000
1462999747,452.170000000000,22.120000000000
1462999747,452.370000000000,0.500000000000
1462999767,452.180000000000,10.560000000000
1462999768,452.170000000000,1.835000000000
1462999768,452.110000000000,0.260000000000
1462999771,452.200000000000,5.000000000000
1462999778,452.180000000000,5.000000000000
1462999786,452.230000000000,5.000000000000
1462999793,452.220000000000,5.000000000000
1462999802,452.100000000000,5.000000000000
1462999809,452.050000000000,5.000000000000
1462999809,451.990000000000,25.000000000000
1462999809,451.980000000000,1.508000000000
1462999809,452.050000000000,3.967000000000
1462999809,452.000000000000,1.641000000000
1462999816,451.980000000000,5.000000000000
1462999823,451.940000000000,5.000000000000
1462999829,451.680000000000,26.020000000000
1462999829,451.660000000000,25.000000000000
1462999830,451.850000000000,5.000000000000
1462999836,451.270000000000,1.995000000000
1462999836,451.490000000000,1.245000000000
1462999837,451.100000000000,1.594000000000
1462999837,451.050000000000,36.517800000000
1462999837,451.050000000000,1.889000000000
1462999838,451.000000000000,35.106300000000
1462999838,451.000000000000,35.703900000000
1462999838,451.000000000000,0.233000000000
1462999839,451.000000000000,2.550000000000
1462999839,451.000000000000,3.510000000000
1462999842,451.000000000000,3.736000000000
1462999845,451.000000000000,5.000000000000
1462999853,451.000000000000,5.000000000000
1462999861,451.000000000000,5.000000000000
1462999868,451.000000000000,5.000000000000
1462999875,451.000000000000,5.000000000000
1462999882,451.000000000000,5.000000000000
1462999889,451.000000000000,5.000000000000
1462999889,451.000000000000,140.920000000000
1462999898,451.680000000000,5.000000000000
1462999906,451.810000000000,5.000000000000
1462999913,451.880000000000,5.000000000000
1462999936,451.760000000000,1.610000000000
1462999965,451.920000000000,0.005000000000
1462999965,451.800000000000,1.935000000000
1463000053,451.780000000000,1.436000000000
1463000053,451.780000000000,3.564000000000
1463000061,451.720000000000,5.000000000000
1463000068,451.760000000000,3.283000000000
1463000068,451.750000000000,1.717000000000
1463000075,451.760000000000,5.000000000000
1463000083,451.720000000000,5.000000000000
1463000089,451.630000000000,5.000000000000
1463000099,451.710000000000,1.000000000000
1463000099,451.710000000000,1.755800000000
1463000166,451.650000000000,0.032100000000
1463000167,451.650000000000,0.010000000000
1463000167,451.650000000000,0.010000000000
1463000168,451.650000000000,0.010000000000
1463000168,451.650000000000,0.010000000000
1463000169,451.650000000000,0.010000000000
1463000169,451.650000000000,0.010000000000
1463000170,451.650000000000,0.075000000000
1463000170,451.650000000000,0.010000000000
1463000170,451.650000000000,0.010000000000
1463000185,451.220000000000,0.219000000000
1463000185,451.220000000000,0.219000000000
1463000185,451.220000000000,0.219000000000
1463000185,451.220000000000,0.219000000000
1463000185,451.220000000000,0.329000000000
1463000186,451.220000000000,0.219000000000
1463000186,451.220000000000,0.219000000000
1463000187,451.210000000000,3.602000000000
1463000189,451.210000000000,5.000000000000
1463000193,451.110000000000,3.037000000000
1463000194,451.250000000000,0.200000000000
1463000194,451.610000000000,0.011200000000
1463000194,451.610000000000,2.000000000000
1463000194,451.250000000000,0.010000000000
1463000195,451.110000000000,0.010000000000
1463000195,451.110000000000,0.010000000000
1463000195,451.110000000000,0.010000000000
1463000195,451.110000000000,0.010000000000
1463000196,451.110000000000,5.000000000000
1463000200,451.200000000000,0.010000000000
1463000201,451.200000000000,0.010000000000
1463000204,451.200000000000,5.000000000000
1463000206,451.310000000000,85.464500000000
1463000206,451.400000000000,14.535500000000
1463000218,451.510000000000,0.460000000000
1463000314,451.480000000000,0.905200000000
1463000414,451.010000000000,25.000000000000
1463000414,451.010000000000,2.900000000000
1463000414,451.000000000000,9.080000000000
1463000415,451.000000000000,26.000000000000
1463000415,451.000000000000,17.867800000000
1463000416,451.000000000000,24.743600000000
1463000416,451.000000000000,26.250000000000
1463000416,451.000000000000,0.275300000000
1463000416,451.000000000000,27.500000000000
1463000417,451.000000000000,10.831700000000
1463000417,451.000000000000,4.039900000000
1463000417,451.000000000000,1.311400000000
1463000418,451.000000000000,2.529000000000
1463000418,451.000000000000,18.421800000000
1463000418,451.000000000000,3.249500000000
1463000447,451.270000000000,5.000000000000
1463000454,451.150000000000,5.000000000000
1463000461,451.260000000000,5.000000000000
1463000469,451.180000000000,5.000000000000
1463000494,451.170000000000,5.000000000000
1463000577,451.190000000000,3.191000000000
1463000745,451.190000000000,0.110200000000
1463000931,451.020000000000,16.279600000000
1463000931,451.020000000000,26.250000000000
1463000931,451.020000000000,0.431400000000
1463000931,451.020000000000,20.384900000000
1463000931,451.020000000000,0.242100000000
1463000932,451.020000000000,0.041600000000
1463000932,451.010000000000,0.090000000000
1463000932,451.010000000000,0.400000000000
1463000932,451.020000000000,0.368200000000
1463000932,451.020000000000,0.039000000000
1463000932,451.020000000000,1.100000000000
1463000994,450.970000000000,0.633700000000
1463001108,450.810000000000,11.408500000000
1463001111,450.780000000000,10.813000000000
1463001310,450.540000000000,2.739000000000
1463001452,450.330000000000,7.724000000000
1463001472,450.330000000000,2.565000000000
1463001474,450.470000000000,5.000000000000
1463001478,450.410000000000,0.748400000000
1463001479,450.330000000000,9.711000000000
1463001507,450.320000000000,1.428100000000
1463001521,450.300000000000,0.122000000000
1463001536,450.290000000000,0.202700000000
1463001553,450.180000000000,0.708100000000
1463001582,450.210000000000,0.810300000000
1463001596,450.210000000000,0.006600000000
1463001614,450.210000000000,2.387300000000
1463001657,449.680000000000,1.695000000000
1463001658,449.660000000000,1.956000000000
1463001658,449.640000000000,3.349000000000
1463001659,450.150000000000,0.081400000000
1463001673,450.140000000000,0.041000000000
1463001691,450.150000000000,0.061200000000
1463002076,450.430000000000,0.609600000000
1463002281,450.480000000000,4.000000000000
1463002301,450.170000000000,0.020200000000
1463002353,450.480000000000,0.310500000000
1463002381,450.480000000000,0.233000000000
1463002440,450.480000000000,0.012000000000
1463002459,450.480000000000,0.000700000000
1463002905,450.150000000000,0.220000000000
1463002905,450.150000000000,0.226000000000
1463002905,450.150000000000,0.222000000000
1463002905,450.150000000000,0.223000000000
1463002905,450.150000000000,0.226000000000
1463002905,450.150000000000,0.221000000000
1463002906,450.150000000000,0.365000000000
1463002906,450.150000000000,0.226000000000
1463002906,450.150000000000,0.226000000000
1463002906,450.150000000000,0.226000000000
1463002906,450.150000000000,0.229000000000
1463002906,450.150000000000,0.226000000000
1463002907,450.150000000000,0.555000000000
1463002907,450.150000000000,0.554000000000
1463002907,450.150000000000,0.226000000000
1463002907,450.150000000000,0.554000000000
1463002907,450.150000000000,0.227000000000
1463002907,450.150000000000,0.207000000000
1463002908,450.150000000000,0.555000000000
1463002908,450.150000000000,0.555000000000
1463002908,450.150000000000,0.554000000000
1463002908,450.150000000000,0.554000000000
1463002908,450.150000000000,0.554000000000
1463002908,450.150000000000,0.555000000000
1463002909,450.140000000000,0.443600000000
1463002909,450.150000000000,0.555000000000
1463002909,450.150000000000,0.556000000000
1463002981,450.000000000000,0.915400000000
1463002999,449.540000000000,3.295000000000
1463003003,449.610000000000,1.732000000000
1463003003,449.790000000000,1.087000000000
1463003011,449.920000000000,0.262400000000
1463003037,449.810000000000,0.217300000000
1463003042,449.800000000000,0.040000000000
1463003043,449.800000000000,0.044700000000
1463003064,449.610000000000,0.010000000000
1463003071,449.770000000000,0.173300000000
1463003131,449.760000000000,1.320900000000
1463003175,449.570000000000,6.901300000000
1463003221,449.610000000000,1.100700000000
1463003282,449.610000000000,1.034000000000
1463003284,449.500000000000,9.435000000000
1463003284,449.490000000000,0.012500000000
1463003284,449.710000000000,0.010000000000
1463003285,449.490000000000,0.010000000000
1463003285,449.490000000000,0.010000000000
1463003313,449.490000000000,0.523700000000
1463003342,449.490000000000,0.040000000000
1463003372,449.490000000000,0.010000000000
1463003372,449.490000000000,0.123000000000
1463003372,449.490000000000,0.020100000000
1463003379,449.490000000000,3.244000000000
1463003385,449.480000000000,3.013000000000
1463003391,449.540000000000,3.734000000000
1463003402,449.540000000000,0.040000000000
1463003420,449.570000000000,0.030000000000
1463003432,449.570000000000,10.580900000000
1463003461,449.450000000000,0.847600000000
1463003495,449.450000000000,0.020500000000
1463003522,449.450000000000,0.743300000000
1463003552,449.630000000000,0.148500000000
1463003581,449.630000000000,0.215200000000
1463003585,449.640000000000,3.984000000000
1463003641,449.630000000000,0.109400000000
1463003659,449.630000000000,3.880000000000
1463003660,449.640000000000,0.960400000000
1463003663,449.640000000000,0.320000000000
1463003671,449.700000000000,0.654900000000
1463003707,449.680000000000,2.446300000000
1463003726,449.680000000000,0.152100000000
1463003732,449.680000000000,0.054600000000
1463003733,449.680000000000,0.283000000000
1463003751,449.680000000000,2.667000000000
1463003761,449.700000000000,0.963500000000
1463003765,449.700000000000,0.077000000000
1463003768,449.700000000000,3.294000000000
1463003789,449.860000000000,7.245000000000
1463003796,449.880000000000,0.063400000000
1463003819,450.080000000000,0.230000000000
1463003821,450.080000000000,2.047700000000
1463003833,450.080000000000,0.889000000000
1463003847,450.100000000000,6.010000000000
1463003850,450.310000000000,0.252000000000
1463003921,450.070000000000,1.311000000000
1463003921,450.100000000000,6.616000000000
1463003921,450.110000000000,1.514000000000
1463003922,450.000000000000,5.000000000000
1463003923,450.000000000000,3.447000000000
1463003923,450.000000000000,0.077000000000
1463003941,450.000000000000,0.615900000000
1463004001,450.150000000000,0.398800000000
1463004021,450.150000000000,0.815000000000
1463004021,450.150000000000,0.100000000000
1463004022,450.150000000000,0.015100000000
1463004060,450.220000000000,5.593400000000
1463004060,450.150000000000,1.975600000000
1463004062,450.220000000000,0.085100000000
1463004211,450.660000000000,4.300000000000
1463004212,450.660000000000,23.570000000000
1463004239,450.690000000000,37.391900000000
1463004239,450.680000000000,5.000000000000
1463004239,450.650000000000,0.165000000000
1463004242,450.630000000000,22.130000000000
1463004335,450.470000000000,3.632000000000
1463004409,450.720000000000,0.106500000000
1463004483,450.940000000000,1.745000000000
1463004484,451.110000000000,9.438300000000
1463004484,451.000000000000,6.614000000000
1463004484,450.950000000000,1.350000000000
1463004616,450.700000000000,3.496200000000
1463004795,450.700000000000,0.041100000000
1463004991,450.900000000000,7.974300000000
1463005092,450.940000000000,0.074600000000
1463005459,450.890000000000,6.646000000000
1463005459,450.750000000000,1.848000000000
1463005459,450.880000000000,1.668000000000
1463005460,450.940000000000,1.131400000000
1463005460,451.080000000000,14.706600000000
1463005471,450.510000000000,1.004800000000
1463005773,450.700000000000,0.052200000000
1463006458,451.220000000000,0.036500000000
1463006796,451.570000000000,2.410000000000
1463006797,451.710000000000,0.824000000000
1463006797,451.650000000000,1.276000000000
1463007098,451.000000000000,2.585000000000
1463007140,451.110000000000,0.025600000000
1463007219,451.110000000000,2.279000000000
1463007220,450.950000000000,0.030000000000
1463007319,451.210000000000,0.609200000000
1463007334,451.210000000000,1.419600000000
1463007348,451.350000000000,0.973500000000
1463007365,451.350000000000,3.646300000000
1463007462,451.010000000000,5.958000000000
1463007584,450.790000000000,6.585000000000
1463007584,451.010000000000,2.134000000000
1463007585,450.740000000000,20.000000000000
1463007820,451.110000000000,0.017900000000
1463007988,450.770000000000,3.375000000000
1463008364,450.770000000000,2.777000000000
1463008502,450.880000000000,0.012500000000
1463008838,450.490000000000,1.551300000000
1463008838,450.500000000000,5.000000000000
1463008840,450.460000000000,2.351000000000
1463008962,450.510000000000,2.564000000000
1463009082,450.380000000000,2.210000000000
1463009203,450.580000000000,4.200000000000
1463009325,450.730000000000,5.045000000000
1463009446,450.940000000000,3.401000000000
1463009567,450.940000000000,1.600000000000
1463009567,450.950000000000,0.679900000000
1463009762,450.950000000000,2.815000000000
1463009766,450.970000000000,5.460000000000
1463009898,451.200000000000,2.773000000000
1463010019,451.190000000000,1.492000000000
1463010019,451.280000000000,0.968000000000
1463010141,451.200000000000,2.505900000000
1463010263,450.990000000000,3.375000000000
1463010564,451.360000000000,7.767000000000
1463010617,451.310000000000,0.945600000000
1463010865,451.490000000000,4.381000000000
1463011208,451.230000000000,3.054000000000
1463011352,450.890000000000,6.409000000000
1463011652,451.320000000000,3.524000000000
1463011953,451.110000000000,3.007000000000
1463012598,451.240000000000,0.018800000000
1463014032,450.870000000000,2.566000000000
1463014034,450.990000000000,3.655000000000
1463015077,451.020000000000,2.743000000000
1463016106,451.380000000000,3.094000000000
1463016408,451.010000000000,3.547000000000
1463016679,451.350000000000,2.574000000000
1463016804,451.380000000000,2.628000000000
1463016925,451.390000000000,2.058000000000
1463017046,451.390000000000,4.234000000000
1463017167,451.470000000000,4.968000000000
1463017288,451.580000000000,2.702000000000
1463017496,451.540000000000,2.000000000000
1463017589,451.600000000000,2.630000000000
1463017710,451.600000000000,2.721000000000
1463018012,451.470000000000,2.404900000000
1463018187,451.510000000000,2.028000000000
1463018421,451.590000000000,6.589000000000
1463018423,451.590000000000,0.172000000000
1463018488,451.610000000000,2.668000000000
1463018760,451.620000000000,0.002700000000
1463018761,451.620000000000,2.235000000000
1463019264,451.660000000000,6.633000000000
1463019386,451.320000000000,7.727000000000
1463019740,451.380000000000,2.728000000000
1463020050,451.170000000000,2.774000000000
1463020351,451.020000000000,3.621000000000
1463020381,450.970000000000,6.585000000000
1463020382,450.570000000000,1.716000000000
1463020382,450.900000000000,1.000000000000
1463020382,450.600000000000,22.090000000000
1463020383,450.330000000000,1.825000000000
1463020383,450.340000000000,25.560000000000
1463020383,450.470000000000,37.315100000000
1463020383,450.130000000000,1.876000000000
1463020384,450.090000000000,2.032900000000
1463020653,451.020000000000,3.589000000000
1463020715,450.940000000000,2.542000000000
1463020953,451.190000000000,3.477000000000
1463021142,451.460000000000,0.931000000000
1463021142,451.270000000000,1.526000000000
1463021286,451.230000000000,4.840000000000
1463021484,451.030000000000,1.884000000000
1463021485,451.260000000000,0.305000000000
1463021785,450.480000000000,2.319000000000
1463022065,450.180000000000,2.615000000000
1463022185,450.510000000000,2.500000000000
1463022307,450.510000000000,1.877000000000
1463022346,450.540000000000,3.467000000000
1463022425,450.320000000000,6.607000000000
1463022425,450.060000000000,1.554000000000
1463022425,450.310000000000,1.533000000000
1463022426,450.000000000000,5.000000000000
1463022427,450.000000000000,3.036000000000
1463022428,450.000000000000,3.241000000000
1463022459,450.000000000000,8.719000000000
1463022490,450.000000000000,1.624000000000
1463022572,450.000000000000,36.904000000000
1463022573,450.000000000000,31.782000000000
1463022574,450.080000000000,35.760000000000
1463022611,450.000000000000,1.720000000000
1463022637,449.880000000000,3.787000000000
1463022643,449.870000000000,3.109000000000
1463022686,449.940000000000,1.804000000000
1463022807,449.970000000000,0.763000000000
1463023256,449.510000000000,6.617000000000
1463023257,449.500000000000,9.383000000000
1463023257,449.510000000000,5.000000000000
1463023282,449.500000000000,0.600000000000
1463023282,449.510000000000,5.000000000000
1463023905,449.780000000000,1.847400000000
1463023905,449.790000000000,6.647000000000
1463023991,449.700000000000,1.293200000000
1463024088,449.700000000000,3.084000000000
1463025357,450.000000000000,0.905200000000
1463025584,449.970000000000,0.100000000000
1463026039,449.970000000000,0.633700000000
1463026098,449.510000000000,3.303000000000
1463026169,449.500000000000,0.017000000000
1463026190,449.290000000000,0.556400000000
1463026720,449.960000000000,0.443600000000
1463026966,449.850000000000,3.131000000000
1463027403,449.960000000000,0.310500000000
1463028088,449.960000000000,0.217300000000
1463028137,449.960000000000,1.030000000000
1463028772,449.990000000000,0.152100000000
1463028902,449.960000000000,1.723000000000
1463029206,449.330000000000,2.531000000000
1463029211,449.320000000000,3.815000000000
1463029216,449.270000000000,3.792000000000
1463029222,449.280000000000,2.603000000000
1463029378,449.440000000000,3.115000000000
1463029453,449.440000000000,0.106500000000
1463029567,449.430000000000,2.441000000000
1463029922,449.450000000000,2.670000000000
1463030136,449.450000000000,0.074500000000
1463030444,449.430000000000,3.577000000000
1463030447,449.430000000000,3.024000000000
1463031697,449.430000000000,0.052200000000
1463031902,449.150000000000,0.172000000000
1463031944,449.010000000000,4.001000000000
1463032106,449.000000000000,5.000000000000
1463032106,449.010000000000,1.630000000000
1463032121,448.090000000000,20.000000000000
1463032121,448.000000000000,14.670200000000
1463032121,448.000000000000,50.000000000000
1463032125,448.000000000000,5.000000000000
1463032125,448.000000000000,18.329800000000
1463032137,447.270000000000,2.629000000000
1463032142,447.210000000000,2.762000000000
1463032378,447.500000000000,0.060900000000
1463032475,447.440000000000,4.122000000000
1463032581,447.380000000000,3.040000000000
1463032586,447.380000000000,3.340000000000
1463032674,447.160000000000,2.000000000000
1463032762,447.000000000000,2.891000000000
1463032775,447.000000000000,3.948000000000
1463032776,447.000000000000,43.161000000000
1463032915,446.910000000000,0.310000000000
1463032923,446.910000000000,2.934000000000
1463032931,446.910000000000,3.650000000000
1463032982,446.910000000000,0.236800000000
1463033027,446.910000000000,3.704000000000
1463033029,446.910000000000,4.475200000000
1463033029,446.940000000000,6.660000000000
1463033030,447.100000000000,10.000000000000
1463033185,447.620000000000,0.018300000000
1463033866,448.120000000000,0.012800000000
1463034040,448.140000000000,2.821000000000
1463034041,448.200000000000,5.000000000000
1463034041,448.170000000000,2.092000000000
1463034041,448.210000000000,32.000000000000
1463034041,448.240000000000,0.489400000000
1463034501,447.980000000000,2.000000000000
1463035366,448.290000000000,0.951100000000
1463037165,448.600000000000,3.389000000000
1463039383,449.110000000000,0.665800000000
1463040065,449.260000000000,0.466100000000
1463040807,449.570000000000,0.326200000000
1463043381,449.440000000000,3.121000000000
1463043386,449.430000000000,0.200000000000
1463043386,449.400000000000,2.297000000000
1463044137,449.490000000000,2.641000000000
1463044851,449.520000000000,5.000000000000
1463044851,449.530000000000,1.957000000000
1463044984,449.050000000000,5.000000000000
1463045704,449.030000000000,1.410000000000
1463045711,448.310000000000,5.000000000000
1463045711,448.300000000000,26.300000000000
1463045780,448.150000000000,1.365000000000
1463045781,448.010000000000,39.762100000000
1463045782,448.000000000000,4.460000000000
1463045782,448.000000000000,1.957000000000
1463045783,448.000000000000,3.367000000000
1463046290,448.000000000000,2.665000000000
1463046341,448.000000000000,3.783000000000
1463046397,448.000000000000,2.779000000000
1463046405,448.000000000000,2.719000000000
1463046445,448.000000000000,2.519000000000
1463046448,448.000000000000,3.774000000000
1463046453,448.000000000000,3.544000000000
1463046544,448.000000000000,38.504500000000
1463046544,448.000000000000,39.789700000000
1463046544,448.000000000000,38.583600000000
1463046545,448.000000000000,36.454600000000
1463047104,448.000000000000,34.613500000000
1463047104,448.000000000000,35.155100000000
1463047104,448.000000000000,34.135200000000
1463047223,448.000000000000,10.000000000000
1463047245,448.000000000000,0.202000000000
1463047250,448.000000000000,3.885000000000
1463047290,448.000000000000,0.123600000000
1463047294,448.000000000000,0.740800000000
1463047304,448.000000000000,5.426000000000
1463047314,448.000000000000,6.320000000000
1463047324,448.000000000000,0.010400000000
1463047330,448.000000000000,2.535000000000
1463047332,448.000000000000,6.057000000000
1463047348,448.000000000000,2.545000000000
1463047356,448.000000000000,7.083000000000
1463047357,448.000000000000,4.646200000000
1463047358,448.000000000000,2.996000000000
1463047358,448.000000000000,6.212000000000
1463047374,448.000000000000,20.000000000000
1463047434,448.000000000000,31.082500000000
1463047434,448.000000000000,31.565600000000
1463047434,448.000000000000,1.479500000000
1463047465,448.000000000000,0.500000000000
1463047467,448.000000000000,6.655900000000
1463047472,448.000000000000,3.000000000000
1463047480,448.000000000000,1.000000000000
1463047504,448.000000000000,3.681500000000
1463047506,448.000000000000,6.584900000000
1463047510,448.000000000000,0.100000000000
1463047516,448.000000000000,0.018300000000
1463047597,448.000000000000,2.000000000000
1463047599,448.000000000000,3.000000000000
1463047599,448.000000000000,0.500000000000
1463047601,448.000000000000,0.119500000000
1463048218,449.200000000000,0.987000000000
1463048900,448.870000000000,0.690900000000
1463049587,448.880000000000,0.483600000000
1463050001,448.600000000000,3.423000000000
1463050010,448.660000000000,3.869000000000
1463050011,448.690000000000,5.000000000000
1463051291,448.870000000000,0.338500000000
1463051972,449.130000000000,0.237000000000
1463052652,449.250000000000,0.165900000000
1463053335,449.350000000000,0.193500000000
1463054018,449.100000000000,0.096800000000
1463054079,448.830000000000,3.771000000000
1463054700,449.320000000000,0.029000000000
1463055380,449.210000000000,0.020300000000
1463055957,449.570000000000,5.000000000000
1463055970,449.570000000000,2.443000000000
1463056054,449.570000000000,2.084100000000
1463056063,449.270000000000,0.014200000000
1463057789,448.990000000000,0.244000000000
1463059890,449.000000000000,9.470000000000
1463060469,449.000000000000,3.000000000000
1463060715,449.000000000000,1.270000000000
1463060716,449.000000000000,3.819000000000
1463060721,449.000000000000,3.431000000000
1463060766,449.000000000000,0.148600000000
1463060783,449.000000000000,0.015700000000
1463060791,449.000000000000,3.845700000000
1463060791,449.400000000000,0.833900000000
1463060791,449.000000000000,0.140500000000
1463060833,449.470000000000,1.099000000000
1463061186,449.390000000000,0.200000000000
1463061228,449.380000000000,0.020000000000
1463061240,449.380000000000,0.340200000000
1463061245,449.390000000000,0.020000000000
1463061270,449.390000000000,0.020000000000
1463061275,449.390000000000,50.000000000000
1463061476,449.610000000000,2.500000000000
1463061476,449.800000000000,2.403900000000
1463061564,449.800000000000,0.100000000000
1463061650,449.800000000000,2.496100000000
1463061650,449.900000000000,3.223600000000
1463061709,450.000000000000,1.000000000000
1463061709,450.000000000000,0.200000000000
1463061801,450.000000000000,5.533700000000
1463061863,450.000000000000,4.000000000000
1463061880,450.000000000000,9.550800000000
1463061895,450.000000000000,14.880000000000
1463061901,450.000000000000,0.200000000000
1463061903,450.000000000000,0.058100000000
1463061909,450.000000000000,20.000000000000
1463061927,450.000000000000,0.020000000000
1463061966,450.000000000000,0.996300000000
1463061990,449.950000000000,6.638000000000
1463061991,449.950000000000,3.362000000000
1463062012,450.000000000000,5.175900000000
1463062013,450.330000000000,1.621100000000
1463062037,450.250000000000,10.000000000000
1463062038,450.330000000000,0.026200000000
1463062113,450.330000000000,18.352700000000
1463062783,450.680000000000,4.310000000000
1463062783,450.690000000000,20.000000000000
1463062783,450.700000000000,10.000000000000
1463062784,450.970000000000,1.270000000000
1463062784,450.760000000000,1.336000000000
1463062784,451.000000000000,63.084000000000
1463062797,450.980000000000,1.324000000000
1463062798,451.120000000000,1.867000000000
1463062799,451.210000000000,1.516000000000
1463062799,451.140000000000,85.698200000000
1463062806,450.990000000000,1.976000000000
1463062806,451.400000000000,1.982000000000
1463062806,451.420000000000,1.847000000000
1463062807,451.450000000000,82.591600000000
1463063118,451.230000000000,0.100000000000
1463063319,451.220000000000,1.528000000000
1463063319,451.340000000000,1.645000000000
1463063320,451.350000000000,2.500000000000
1463063320,451.510000000000,4.415000000000
1463063320,451.420000000000,1.912000000000
1463063853,451.490000000000,80.261700000000
1463064287,451.700000000000,1.847400000000
1463064363,451.490000000000,0.738300000000
1463065653,452.050000000000,1.293200000000
1463066230,452.050000000000,1.940000000000
1463066337,452.050000000000,0.905200000000
1463066484,451.900000000000,1.000000000000
1463066599,451.650000000000,3.161000000000
1463066600,451.650000000000,1.239000000000
1463066658,451.690000000000,0.100000000000
1463066734,451.220000000000,0.100000000000
1463067025,451.700000000000,0.633700000000
1463067571,451.590000000000,0.100000000000
1463067637,451.590000000000,1.900000000000
1463067638,451.210000000000,0.100000000000
1463067640,451.180000000000,2.913000000000
1463067645,451.310000000000,2.769000000000
1463067712,451.410000000000,0.443600000000
1463068812,451.250000000000,1.348100000000
1463068819,451.140000000000,3.506000000000
1463068880,450.300000000000,6.725500000000
1463068880,450.290000000000,4.285000000000
1463069082,450.070000000000,0.310500000000
1463069160,450.020000000000,1.448000000000
1463069160,450.250000000000,22.293100000000
1463069160,450.070000000000,77.706900000000
1463069160,450.030000000000,5.000000000000
1463069846,450.280000000000,0.217300000000
1463070260,449.630000000000,2.901000000000
1463070315,449.680000000000,1.244000000000
1463070446,449.830000000000,0.152100000000
1463070452,449.830000000000,0.160000000000
1463070511,449.830000000000,0.300500000000
1463071125,449.980000000000,0.106500000000
1463071809,450.280000000000,0.074500000000
1463071966,449.920000000000,0.145000000000
1463071967,449.920000000000,4.855000000000
1463072489,450.190000000000,0.052200000000
1463073166,450.160000000000,0.036500000000
1463073812,449.610000000000,9.182800000000
1463073812,449.520000000000,1.500000000000
1463073844,449.650000000000,0.025600000000
1463073852,449.670000000000,1.659000000000
1463073852,449.680000000000,17.551600000000
1463073852,449.650000000000,0.074400000000
1463074228,450.370000000000,3.008000000000
1463074581,450.090000000000,0.017900000000
1463075204,450.250000000000,0.012500000000
1463075833,450.330000000000,1.526000000000
1463075834,450.340000000000,4.474000000000
1463075905,450.410000000000,2.000000000000
1463076568,450.650000000000,1.545700000000
1463076802,450.320000000000,1.000000000000
1463077247,450.770000000000,1.082000000000
1463077678,450.350000000000,1.000000000000
1463077678,450.400000000000,1.000000000000
1463077930,450.520000000000,0.757400000000
1463077983,450.520000000000,1.250000000000
1463078067,450.300000000000,1.000000000000
1463078067,450.200000000000,1.000000000000
1463078372,449.800000000000,1.000000000000
1463078372,449.700000000000,1.000000000000
1463078372,449.700000000000,5.000000000000
1463078612,449.710000000000,0.530200000000
1463078798,449.600000000000,1.000000000000
1463078799,449.400000000000,1.000000000000
1463078800,449.390000000000,5.000000000000
1463079046,450.430000000000,0.139200000000
1463079046,450.420000000000,5.000000000000
1463079359,450.350000000000,2.761000000000
1463079879,450.280000000000,10.000000000000
1463079879,450.270000000000,5.000000000000
1463079982,450.220000000000,0.371100000000
1463079984,450.090000000000,3.475000000000
1463079988,450.040000000000,2.723000000000
1463080361,450.470000000000,5.600000000000
1463080362,450.820000000000,19.460000000000
1463081381,451.220000000000,1.527000000000
1463081395,451.220000000000,2.744000000000
1463081399,451.220000000000,71.157400000000
1463081400,451.220000000000,69.223200000000
1463081400,451.220000000000,55.348400000000
1463081674,451.360000000000,0.259800000000
1463082341,451.340000000000,1.854000000000
1463082343,451.440000000000,3.236000000000
1463082731,451.580000000000,0.181900000000
1463083116,451.630000000000,0.270000000000
1463083122,451.630000000000,0.440000000000
1463083150,451.630000000000,0.670000000000
1463083190,451.650000000000,5.000000000000
1463083192,451.650000000000,3.908000000000
1463083194,451.650000000000,0.390000000000
1463083204,451.650000000000,0.260000000000
1463083232,451.920000000000,0.220000000000
1463083234,451.920000000000,0.550000000000
1463083234,451.920000000000,2.230000000000
1463083240,451.650000000000,0.280000000000
1463083355,451.650000000000,0.490000000000
1463083362,451.650000000000,0.550000000000
1463083369,451.650000000000,0.190000000000
1463083389,451.650000000000,0.002500000000
1463084019,451.400000000000,1.000000000000
1463084019,451.410000000000,5.000000000000
1463084310,451.350000000000,1.000000000000
1463084613,451.350000000000,0.127300000000
1463085204,451.290000000000,5.000000000000
1463085294,451.290000000000,0.089100000000
1463085493,451.290000000000,52.105300000000
1463085493,451.290000000000,52.443800000000
1463085493,451.290000000000,53.375700000000
1463085494,451.290000000000,50.894700000000
1463085675,451.290000000000,1.445700000000
1463085851,451.200000000000,1.000000000000
1463085851,451.200000000000,1.000000000000
1463085883,451.160000000000,0.503300000000
1463085976,451.340000000000,1.538600000000
1463086036,451.340000000000,1.239600000000
1463086142,451.350000000000,3.922000000000
1463086382,451.350000000000,31.000000000000
1463086449,451.350000000000,2.831000000000
1463086573,451.350000000000,4.247000000000
1463087055,451.960000000000,2.061300000000
1463087344,451.830000000000,1.077100000000
1463088026,451.990000000000,0.753900000000
1463088709,452.000000000000,0.527800000000
1463089388,452.000000000000,0.369400000000
1463090263,452.000000000000,0.102800000000
1463090263,452.000000000000,0.155800000000
1463090857,452.000000000000,9.844200000000
1463090858,452.050000000000,4.514200000000
1463091010,452.590000000000,0.181000000000
1463091166,452.590000000000,3.224000000000
1463091187,452.590000000000,3.567000000000
1463091194,452.590000000000,2.951000000000
1463091244,452.590000000000,2.479000000000
1463091245,452.900000000000,5.570000000000
1463091245,452.590000000000,7.598000000000
1463091246,452.980000000000,12.832000000000
1463091252,452.970000000000,3.400000000000
1463091253,452.980000000000,0.141000000000
1463091257,453.050000000000,11.000000000000
1463091258,453.330000000000,25.000000000000
1463091693,453.750000000000,4.176000000000
1463091760,453.750000000000,1.000000000000
1463092746,453.500000000000,1.000000000000
1463092842,453.250000000000,1.000000000000
1463092842,453.300000000000,1.000000000000
1463093250,453.740000000000,0.100000000000
1463094211,453.750000000000,0.388200000000
1463094241,453.750000000000,0.258100000000
1463094265,453.750000000000,0.290000000000
1463094274,453.750000000000,0.128200000000
1463094363,453.750000000000,0.997500000000
1463094364,453.750000000000,0.766000000000
1463094391,453.750000000000,0.396200000000
1463094440,453.750000000000,0.011400000000
1463094440,453.750000000000,0.328700000000
1463094449,453.750000000000,3.753000000000
1463094485,453.750000000000,0.346700000000
1463094506,453.750000000000,3.976000000000
1463094534,453.750000000000,8.184000000000
1463094534,453.780000000000,0.550900000000
1463094871,454.000000000000,0.395000000000
1463094901,454.000000000000,0.236200000000
1463094909,454.000000000000,0.300000000000
1463094911,454.000000000000,0.240000000000
1463094970,454.000000000000,0.120000000000
1463094991,454.000000000000,1.703600000000
1463095017,454.000000000000,0.010000000000
1463095021,454.000000000000,1.054000000000
1463095051,454.000000000000,4.992200000000
1463095081,454.000000000000,0.011300000000
1463095081,454.000000000000,0.041800000000
1463095082,454.000000000000,0.511000000000
1463095083,454.000000000000,0.120000000000
1463095103,454.000000000000,45.255800000000
1463095111,454.000000000000,0.329900000000
1463095141,454.000000000000,2.253800000000
1463095171,453.980000000000,3.546000000000
1463095201,454.000000000000,0.664900000000
1463095224,453.930000000000,3.145000000000
1463095237,454.000000000000,0.126700000000
1463095244,454.000000000000,0.345400000000
1463095261,454.000000000000,0.080000000000
1463095283,454.000000000000,0.220000000000
1463095322,454.000000000000,2.091500000000
1463095354,453.930000000000,0.559200000000
1463095441,453.930000000000,0.479500000000
1463095681,453.720000000000,1.075600000000
1463095745,453.720000000000,0.447400000000
1463095746,453.920000000000,0.845900000000
1463095922,453.960000000000,0.088700000000
1463096221,453.660000000000,1.352400000000
1463096299,453.700000000000,0.166900000000
1463096303,453.700000000000,0.989000000000
1463096332,453.890000000000,0.512400000000
1463096605,453.970000000000,0.062100000000
1463096698,453.970000000000,1.342000000000
1463096699,453.970000000000,1.668000000000
1463096703,454.000000000000,0.070200000000
1463096716,454.000000000000,1.682000000000
1463096731,454.000000000000,2.144700000000
1463096731,454.140000000000,0.158700000000
1463097131,454.140000000000,0.798000000000
1463097161,454.140000000000,1.659000000000
1463097331,454.360000000000,0.211200000000
1463097402,454.130000000000,1.053600000000
1463097462,454.380000000000,1.402000000000
1463097463,454.500000000000,0.480000000000
1463098202,454.100000000000,0.205000000000
1463098291,454.100000000000,1.033400000000
1463099202,454.390000000000,0.229900000000
1463099371,454.190000000000,0.775500000000
1463099401,454.500000000000,3.469400000000
1463099491,454.500000000000,2.158900000000
1463099523,454.260000000000,1.343300000000
1463099549,454.260000000000,0.026400000000
1463099551,454.260000000000,0.068800000000
1463099581,454.260000000000,0.129800000000
1463099611,454.260000000000,0.184000000000
1463099669,454.260000000000,0.147100000000
1463099669,454.260000000000,0.203000000000
1463099671,454.150000000000,0.201500000000
1463099702,454.490000000000,0.162800000000
1463099998,454.030000000000,2.517000000000
1463100129,453.880000000000,38.000000000000
1463100354,454.170000000000,0.043500000000
1463101045,453.760000000000,0.030400000000
1463101744,454.000000000000,0.021300000000
1463102442,454.000000000000,0.014900000000
1463102475,454.000000000000,0.544700000000
1463102775,454.000000000000,0.122900000000
1463103077,453.870000000000,3.053000000000
1463103140,454.000000000000,0.010400000000
1463103570,453.500000000000,6.000000000000
1463103570,453.500000000000,6.000000000000
1463103571,453.500000000000,6.000000000000
1463103571,453.500000000000,6.000000000000
1463103571,453.500000000000,6.000000000000
1463103571,453.500000000000,2.149600000000
1463103571,453.500000000000,6.000000000000
1463103571,453.500000000000,6.000000000000
1463103572,453.500000000000,6.000000000000
1463103572,453.500000000000,3.850400000000
1463103572,453.500000000000,5.285800000000
1463104441,453.200000000000,1.000000000000
1463104441,453.250000000000,0.309300000000
1463104441,453.260000000000,5.000000000000
1463104442,453.100000000000,1.000000000000
1463104442,453.200000000000,1.972000000000
1463104443,453.000000000000,18.080000000000
1463104443,453.000000000000,0.100000000000
1463104444,453.000000000000,22.740000000000
1463104445,453.000000000000,3.636000000000
1463104666,452.760000000000,1.983000000000
1463104666,452.960000000000,41.002600000000
1463104666,452.970000000000,5.000000000000
1463104667,452.760000000000,24.850000000000
1463104667,452.300000000000,0.220000000000
1463104667,452.500000000000,1.629000000000
1463104668,452.200000000000,23.624400000000
1463104668,452.270000000000,1.691000000000
1463104693,453.000000000000,39.629400000000
1463104694,453.000000000000,6.533300000000
1463107130,452.730000000000,3.558000000000
1463108039,452.820000000000,1.811200000000
1463108738,452.340000000000,5.000000000000
1463108738,452.350000000000,33.599800000000
1463109202,452.430000000000,3.283000000000
1463109208,452.430000000000,2.554000000000
1463109618,452.470000000000,1.000000000000
1463109670,452.470000000000,0.070000000000
1463110865,452.460000000000,1.267900000000
1463112268,452.830000000000,0.887500000000
1463115382,452.770000000000,5.000000000000
1463115944,452.750000000000,0.621300000000
1463118200,452.300000000000,5.000000000000
1463118272,452.800000000000,1.130500000000
1463118331,452.640000000000,2.563500000000
1463118362,452.610000000000,2.883300000000
1463118392,452.830000000000,0.193600000000
1463118422,452.830000000000,0.673500000000
1463118453,452.830000000000,0.187400000000
1463118543,452.830000000000,0.347300000000
1463118573,452.760000000000,0.827700000000
1463118601,452.660000000000,0.957700000000
1463118662,452.600000000000,0.043500000000
1463118692,452.590000000000,0.779300000000
1463118722,452.600000000000,0.535000000000
1463118757,452.840000000000,0.363500000000
1463118782,452.800000000000,1.014800000000
1463118782,452.750000000000,1.130000000000
1463118782,452.740000000000,1.853000000000
1463118822,452.800000000000,2.137600000000
1463118842,452.790000000000,0.127000000000
1463118961,452.850000000000,0.194600000000
1463119021,452.850000000000,0.162500000000
1463119075,452.850000000000,1.334000000000
1463119110,452.840000000000,0.110100000000
1463119141,452.850000000000,0.186100000000
1463119141,452.840000000000,1.859900000000
1463119171,452.850000000000,1.485700000000
1463119201,452.850000000000,1.485700000000
1463119270,452.850000000000,0.184800000000
1463119270,452.850000000000,0.019800000000
1463119291,452.850000000000,0.187000000000
1463119350,452.850000000000,0.012300000000
1463119396,452.850000000000,0.406500000000
1463119396,452.850000000000,0.153800000000
1463119397,452.850000000000,0.026400000000
1463119397,452.850000000000,0.017200000000
1463119398,452.850000000000,0.086300000000
1463119470,452.660000000000,1.215100000000
1463119532,452.410000000000,0.200000000000
1463119532,452.410000000000,0.200000000000
1463119561,452.410000000000,0.084800000000
1463119563,452.410000000000,0.434900000000
1463119602,452.430000000000,4.000000000000
1463119722,452.160000000000,0.027400000000
1463120264,452.160000000000,0.304400000000
1463120281,452.160000000000,0.042400000000
1463120307,452.160000000000,0.167700000000
1463120307,452.160000000000,0.070100000000
1463120307,452.160000000000,0.040000000000
1463120308,452.160000000000,0.011000000000
1463120308,452.160000000000,0.069900000000
1463120309,452.160000000000,0.027800000000
1463120309,452.160000000000,0.184800000000
1463120309,452.290000000000,0.263900000000
1463120309,452.160000000000,0.014500000000
1463120310,452.290000000000,0.160500000000
1463120371,452.290000000000,0.446500000000
1463120401,452.290000000000,0.084900000000
1463120431,452.290000000000,0.389500000000
1463120491,452.300000000000,0.115500000000
1463120521,452.300000000000,0.036900000000
1463120530,452.300000000000,11.000000000000
1463120551,452.400000000000,0.274600000000
1463120609,451.740000000000,22.450000000000
1463120609,451.820000000000,11.320000000000
1463120609,452.010000000000,5.000000000000
1463120609,452.000000000000,11.000000000000
1463120613,451.730000000000,0.023000000000
1463120673,451.730000000000,0.125100000000
1463120701,451.730000000000,0.541800000000
1463120731,452.210000000000,0.042500000000
1463120791,452.210000000000,0.281300000000
1463120821,452.210000000000,1.101400000000
1463120852,452.210000000000,2.707100000000
1463120912,452.230000000000,0.294600000000
1463120942,452.030000000000,0.534500000000
1463120965,452.030000000000,1.173000000000
1463121003,452.030000000000,4.059400000000
1463121027,451.840000000000,0.950000000000
1463121061,451.840000000000,0.243300000000
1463121069,451.840000000000,0.030000000000
1463121121,452.170000000000,0.115900000000
1463121147,452.170000000000,0.034300000000
1463121181,452.170000000000,0.185800000000
1463121211,452.170000000000,0.742500000000
1463121224,452.170000000000,0.114300000000
1463121301,452.170000000000,0.095400000000
1463121322,452.170000000000,0.109700000000
1463121361,452.170000000000,0.107200000000
1463121363,452.170000000000,0.446000000000
1463121386,452.170000000000,0.050100000000
1463121387,452.170000000000,0.011000000000
1463121387,452.170000000000,0.108900000000
1463121391,452.170000000000,1.751800000000
1463121421,452.170000000000,3.294800000000
1463121451,452.160000000000,0.082700000000
1463121481,452.160000000000,0.225300000000
1463121539,452.160000000000,0.121400000000
1463121541,452.160000000000,0.630100000000
1463121571,452.160000000000,0.220100000000
1463121603,452.160000000000,0.132100000000
1463121661,452.160000000000,0.043600000000
1463121667,452.160000000000,0.821100000000
1463121691,452.160000000000,0.042500000000
1463121705,452.160000000000,0.014900000000
1463121721,452.160000000000,0.169700000000
1463121751,452.160000000000,0.070000000000
1463121843,452.160000000000,0.057300000000
1463121871,452.160000000000,0.095500000000
1463121901,452.160000000000,0.050200000000
1463121931,452.160000000000,4.871100000000
1463121992,452.160000000000,0.133600000000
1463122052,452.160000000000,0.217900000000
1463122088,452.160000000000,0.054900000000
1463122111,452.160000000000,0.018900000000
1463122171,452.160000000000,0.879100000000
1463122231,452.160000000000,0.054500000000
1463122318,452.160000000000,0.500000000000
1463122321,452.160000000000,0.151500000000
1463122382,452.160000000000,0.660000000000
1463122434,452.160000000000,0.030500000000
1463122441,452.160000000000,0.204400000000
1463122531,452.330000000000,0.424900000000
1463122561,452.330000000000,0.313700000000
1463122621,452.330000000000,0.037100000000
1463122651,452.330000000000,0.021700000000
1463122711,452.330000000000,0.261500000000
1463122741,452.330000000000,0.190600000000
1463123267,451.710000000000,0.010000000000
1463123281,451.710000000000,1.005100000000
1463123336,451.710000000000,0.025000000000
1463123371,451.710000000000,0.987900000000
1463123431,451.710000000000,0.435900000000
1463123484,451.820000000000,0.310000000000
1463123522,451.820000000000,5.040500000000
1463123881,452.070000000000,3.944700000000
1463123914,452.070000000000,0.066800000000
1463123942,452.070000000000,1.040500000000
1463123971,452.070000000000,0.219700000000
1463124003,452.070000000000,0.639500000000
1463124031,451.790000000000,0.054500000000
1463124078,451.790000000000,0.080000000000
1463124093,451.790000000000,0.812000000000
1463124121,451.790000000000,1.519000000000
1463124173,451.810000000000,0.170600000000
1463124173,451.810000000000,0.360000000000
1463124181,451.810000000000,7.555600000000
1463124182,451.740000000000,0.020000000000
1463124242,451.740000000000,0.574800000000
1463124271,451.910000000000,0.439000000000
1463124302,451.910000000000,0.030000000000
1463124331,451.910000000000,0.282000000000
1463124362,451.910000000000,0.073800000000
1463124391,451.910000000000,0.021300000000
1463124632,451.600000000000,0.036100000000
1463124691,451.600000000000,0.119600000000
1463124781,452.110000000000,0.160200000000
1463124901,452.090000000000,0.051500000000
1463125054,452.090000000000,0.228900000000
1463125102,452.090000000000,1.865300000000
1463125206,452.090000000000,0.525000000000
1463125235,452.090000000000,1.109000000000
1463125411,452.090000000000,0.653800000000
1463125519,452.000000000000,0.050000000000
1463125533,452.000000000000,2.035400000000
1463125561,452.090000000000,2.914200000000
1463125644,452.090000000000,0.050000000000
1463125725,452.110000000000,0.290000000000
1463125730,452.110000000000,0.270000000000
1463125771,452.110000000000,5.675800000000
1463125830,452.110000000000,0.310000000000
1463125832,452.110000000000,1.276800000000
1463125861,452.110000000000,0.307300000000
1463125891,452.110000000000,1.364000000000
1463125952,452.110000000000,2.392200000000
1463126011,452.110000000000,0.019000000000
1463126056,452.110000000000,0.080000000000
1463126132,452.090000000000,0.200000000000
1463126132,452.110000000000,1.300000000000
1463126161,452.110000000000,0.310700000000
1463126191,452.110000000000,0.040100000000
1463126460,451.850000000000,0.100000000000
1463126461,451.870000000000,2.469000000000
1463126480,452.110000000000,2.722000000000
1463126512,452.110000000000,7.067700000000
1463126512,452.110000000000,2.888000000000
1463126547,452.110000000000,5.692000000000
1463126568,452.110000000000,7.146000000000
1463126569,452.110000000000,2.796000000000
1463126610,452.110000000000,0.090000000000
1463126621,452.110000000000,2.498000000000
1463126643,452.110000000000,6.460000000000
1463126652,452.110000000000,4.806700000000
1463127691,453.590000000000,4.309800000000
1463127704,453.580000000000,0.038700000000
1463127705,453.580000000000,0.351700000000
1463127706,453.580000000000,0.351700000000
1463127707,453.580000000000,0.071700000000
1463127707,453.580000000000,0.351700000000
1463130389,453.620000000000,0.106800000000
1463130390,453.620000000000,0.040500000000
1463130413,453.620000000000,0.504900000000
1463130413,453.620000000000,0.037500000000
1463130414,453.620000000000,0.321300000000
1463130420,453.620000000000,0.259600000000
1463130481,453.620000000000,2.195600000000
1463130511,453.480000000000,0.084600000000
1463130639,453.480000000000,0.010000000000
1463130780,453.680000000000,5.474600000000
1463132064,454.000000000000,1.700000000000
1463132640,454.240000000000,2.415000000000
1463132693,454.100000000000,3.031000000000
1463132697,454.090000000000,3.826000000000
1463133653,453.790000000000,45.149600000000
1463133653,453.550000000000,17.240000000000
1463133653,453.830000000000,5.000000000000
1463133653,453.820000000000,25.600000000000
1463133654,453.480000000000,7.010400000000
1463133686,453.610000000000,42.512800000000
1463133686,453.620000000000,5.000000000000
1463133687,453.530000000000,16.680000000000
1463133687,453.280000000000,25.740000000000
1463133687,453.300000000000,1.610000000000
1463133687,453.080000000000,1.452000000000
1463133688,453.000000000000,7.005200000000
1463133710,453.110000000000,1.259000000000
1463133710,453.000000000000,40.084300000000
1463133710,453.340000000000,1.000000000000
1463133710,453.330000000000,41.250900000000
1463133711,453.000000000000,16.405800000000
1463133813,453.300000000000,1.803000000000
1463133813,453.640000000000,39.318900000000
1463133814,453.000000000000,37.469400000000
1463133814,453.080000000000,1.568000000000
1463133814,453.000000000000,19.840700000000
1463134802,453.080000000000,3.055000000000
1463135259,453.120000000000,0.499200000000
1463135441,453.400000000000,2.560000000000
1463135441,453.390000000000,1.675000000000
1463136303,453.100000000000,1.921000000000
1463136303,453.090000000000,36.478700000000
1463136304,452.680000000000,35.601000000000
1463136304,452.870000000000,1.593000000000
1463136304,453.080000000000,1.338000000000
1463136304,452.680000000000,34.580100000000
1463136305,452.680000000000,31.825600000000
1463136305,452.680000000000,31.512300000000
1463136305,452.680000000000,33.015800000000
1463136305,452.680000000000,34.892000000000
1463136306,452.680000000000,0.200000000000
1463136307,452.680000000000,3.732000000000
1463136307,452.680000000000,1.830000000000
1463136660,452.680000000000,1.172500000000
1463136864,452.610000000000,1.051300000000
1463136864,452.330000000000,13.610000000000
1463136865,452.190000000000,1.531000000000
1463136867,452.000000000000,3.981000000000
1463136883,452.000000000000,3.699000000000
1463136975,452.000000000000,3.232000000000
1463137360,451.990000000000,0.820700000000
1463137803,451.990000000000,5.000000000000
1463137803,452.000000000000,4.254400000000
1463137832,451.990000000000,0.275400000000
1463137894,451.990000000000,0.040000000000
1463137982,451.990000000000,0.104000000000
1463138061,451.960000000000,0.574500000000
1463138062,451.970000000000,0.410000000000
1463138071,451.960000000000,0.048500000000
1463138102,452.000000000000,0.217800000000
1463138103,451.990000000000,5.000000000000
1463138104,452.000000000000,168.423500000000
1463138421,452.530000000000,3.040000000000
1463138421,452.540000000000,22.960000000000
1463138641,452.660000000000,0.336100000000
1463138671,452.660000000000,0.036300000000
1463138759,452.660000000000,0.402200000000
1463138769,452.660000000000,0.083200000000
1463138769,452.660000000000,0.030000000000
1463138799,452.660000000000,0.245200000000
1463138810,452.660000000000,0.020000000000
1463138851,452.660000000000,0.232400000000
1463138870,452.660000000000,0.758900000000
1463138929,452.660000000000,0.019900000000
1463138999,452.660000000000,14.222200000000
1463139002,452.680000000000,0.018800000000
1463139031,452.660000000000,0.793300000000
1463139066,452.660000000000,0.205800000000
1463139107,452.680000000000,0.050100000000
1463139159,452.680000000000,0.023700000000
1463139175,452.680000000000,0.018000000000
1463139245,452.680000000000,3.519500000000
1463139273,452.680000000000,1.416600000000
1463139301,452.680000000000,0.990100000000
1463139361,452.680000000000,3.534800000000
1463139456,452.680000000000,0.281500000000
1463139541,452.680000000000,0.717800000000
1463139661,452.680000000000,0.429700000000
1463139755,452.680000000000,0.048700000000
1463139782,452.680000000000,5.432800000000
1463139871,452.680000000000,0.252900000000
1463139913,452.680000000000,0.041400000000
1463139914,452.680000000000,0.045000000000
1463139931,452.680000000000,2.582100000000
1463139961,452.680000000000,0.493700000000
1463139991,452.680000000000,0.087000000000
1463139993,452.680000000000,1.616000000000
1463139994,452.680000000000,0.050000000000
1463139995,452.680000000000,0.571800000000
1463139999,452.680000000000,100.000000000000
1463140038,452.680000000000,0.017800000000
1463140043,452.680000000000,26.000000000000
1463140051,452.680000000000,0.032500000000
1463140100,452.680000000000,0.642900000000
1463140110,452.680000000000,5.096600000000
1463140112,452.680000000000,20.000000000000
1463140116,452.680000000000,20.000000000000
1463140118,452.680000000000,3.000000000000
1463140118,452.680000000000,6.000000000000
1463140119,452.680000000000,0.500000000000
1463140120,452.680000000000,14.926000000000
1463140121,452.680000000000,6.216200000000
1463140131,452.680000000000,25.654000000000
1463140144,453.280000000000,0.065700000000
1463140152,453.440000000000,0.197100000000
1463140618,453.070000000000,0.398400000000
1463140754,452.850000000000,0.200000000000
1463140767,453.040000000000,2.871000000000
1463140767,452.850000000000,1.212000000000
1463140767,453.030000000000,1.917000000000
1463140772,453.030000000000,0.200000000000
1463140774,453.070000000000,0.200000000000
1463140848,453.070000000000,0.137900000000
1463140862,453.070000000000,0.483700000000
1463140862,453.240000000000,1.821100000000
1463141048,453.150000000000,1.000000000000
1463141242,453.260000000000,0.075800000000
1463141467,453.260000000000,0.153600000000
1463141546,453.020000000000,0.096600000000
1463141551,453.020000000000,4.213000000000
1463141583,452.980000000000,0.227900000000
1463141642,452.980000000000,0.035900000000
1463141762,453.410000000000,0.080000000000
1463141941,453.370000000000,0.585900000000
1463142032,453.040000000000,0.016200000000
1463142091,453.270000000000,0.010000000000
1463142110,453.260000000000,0.102300000000
1463142123,453.270000000000,0.178400000000
1463142181,452.830000000000,0.511400000000
1463142212,452.830000000000,0.450000000000
1463142243,452.830000000000,0.054700000000
1463142244,452.830000000000,0.067600000000
1463142253,452.830000000000,5.478400000000
1463142452,452.840000000000,1.122200000000
1463142481,452.840000000000,0.118200000000
1463142511,452.590000000000,0.407700000000
1463142534,452.590000000000,0.997900000000
1463142602,452.590000000000,0.026600000000
1463142632,452.400000000000,1.061500000000
1463142661,452.610000000000,0.132800000000
1463142698,452.590000000000,0.636000000000
1463142715,452.300000000000,0.032700000000
1463142751,452.650000000000,0.214200000000
1463142820,452.660000000000,0.010000000000
1463142842,452.810000000000,0.880400000000
1463142876,452.630000000000,0.035600000000
1463142887,452.630000000000,0.042000000000
1463142902,452.630000000000,0.127000000000
1463142932,452.630000000000,0.051100000000
1463142939,452.630000000000,0.047300000000
1463142945,452.630000000000,0.575300000000
1463142968,452.630000000000,0.200000000000
1463142991,452.630000000000,2.209300000000
1463142997,452.580000000000,0.320000000000
1463142997,452.580000000000,0.024200000000
1463142997,452.580000000000,0.770000000000
1463143021,452.580000000000,0.105100000000
1463143042,452.580000000000,0.020000000000
1463143051,452.580000000000,1.080700000000
1463143081,452.720000000000,1.017100000000
1463143111,452.770000000000,2.174200000000
1463143202,452.770000000000,10.235800000000
1463143202,452.790000000000,2.994300000000
1463143639,452.660000000000,0.033100000000
1463143818,453.030000000000,1.809000000000
1463143818,452.860000000000,1.360000000000
1463143819,453.040000000000,21.045600000000
1463143951,452.640000000000,6.395300000000
1463144013,452.890000000000,2.174500000000
1463144335,453.240000000000,0.023200000000
1463144348,453.240000000000,1.921300000000
1463144402,453.200000000000,5.403700000000
1463144462,453.280000000000,0.634600000000
1463144474,453.280000000000,5.547000000000
1463144543,452.930000000000,5.000000000000
1463144544,452.890000000000,0.495000000000
1463144544,452.920000000000,20.000000000000
1463144545,452.810000000000,0.400000000000
1463144550,452.810000000000,2.360000000000
1463144551,452.850000000000,0.065200000000
1463144580,452.510000000000,1.000000000000
1463144581,453.230000000000,0.741100000000
1463144586,452.510000000000,1.000000000000
1463144592,452.510000000000,1.000000000000
1463144597,452.510000000000,1.000000000000
1463144602,452.510000000000,1.000000000000
1463144607,452.510000000000,1.000000000000
1463144612,452.510000000000,1.000000000000
1463144615,453.230000000000,0.463600000000
1463144641,452.850000000000,0.078200000000
1463144643,452.850000000000,0.010000000000
1463144662,452.850000000000,2.000000000000
1463144676,452.850000000000,0.230000000000
1463144685,452.970000000000,0.480100000000
1463144701,452.970000000000,0.108300000000
1463144734,453.230000000000,1.031700000000
1463144761,453.000000000000,0.032900000000
1463144762,453.200000000000,0.587700000000
1463144791,453.250000000000,0.026300000000
1463144851,453.210000000000,0.649500000000
1463144972,453.240000000000,2.236500000000
1463145032,453.230000000000,1.869100000000
1463145102,453.240000000000,2.763500000000
1463145102,453.270000000000,1.177500000000
1463145102,453.230000000000,0.016200000000
1463145231,453.130000000000,3.450000000000
1463145232,453.170000000000,71.450000000000
1463145232,453.140000000000,0.100000000000
1463145240,453.320000000000,0.002000000000
1463145368,453.320000000000,10.000000000000
1463145534,453.400000000000,0.142200000000
1463145733,453.400000000000,0.011400000000
1463145804,453.400000000000,0.094800000000
1463145873,453.010000000000,5.000000000000
1463145874,453.000000000000,22.110000000000
1463145938,453.010000000000,0.012400000000
1463145991,453.010000000000,0.403400000000
1463146002,453.010000000000,10.944400000000
1463146033,453.080000000000,4.250000000000
1463146040,453.400000000000,0.245900000000
1463146500,453.390000000000,0.918600000000
1463146531,453.390000000000,0.781900000000
1463147092,453.450000000000,3.300000000000
1463147162,453.470000000000,0.500000000000
1463147530,453.200000000000,0.132600000000
1463147617,453.200000000000,0.227800000000
1463147736,453.200000000000,0.125300000000
1463147751,453.200000000000,0.006300000000
1463147761,453.190000000000,0.100000000000
1463147762,453.190000000000,0.700000000000
1463147766,453.200000000000,0.000300000000
1463147834,453.200000000000,0.221300000000
1463148091,453.560000000000,0.428500000000
1463148091,453.480000000000,1.000000000000
1463148345,453.330000000000,0.100000000000
1463148427,453.340000000000,0.367900000000
1463148451,453.340000000000,0.169700000000
1463148469,453.340000000000,26.000000000000
1463148601,453.550000000000,0.839100000000
1463148630,453.550000000000,5.515100000000
1463148672,453.520000000000,0.041300000000
1463148695,453.520000000000,1.000000000000
1463148721,453.520000000000,0.315700000000
1463148722,453.650000000000,0.350700000000
1463148841,453.200000000000,2.504000000000
1463148842,453.300000000000,0.152000000000
1463148962,453.500000000000,0.020900000000
1463149051,453.500000000000,0.179100000000
1463149052,453.660000000000,0.341500000000
1463149119,453.360000000000,5.000000000000
1463149120,453.460000000000,0.800000000000
1463149201,453.450000000000,5.000000000000
1463149202,453.460000000000,0.679800000000
1463149228,453.460000000000,0.019700000000
1463149228,453.460000000000,0.290400000000
1463149261,453.460000000000,1.468500000000
1463149262,453.430000000000,6.589000000000
1463149262,453.400000000000,1.000000000000
1463149292,453.400000000000,1.042600000000
1463149306,453.350000000000,0.109600000000
1463149307,453.350000000000,0.109600000000
1463149309,453.350000000000,0.109600000000
1463149322,453.350000000000,0.817000000000
1463149351,453.350000000000,0.368600000000
1463149410,453.350000000000,0.020000000000
1463149412,453.350000000000,0.025600000000
1463149443,453.350000000000,0.743000000000
1463149471,453.510000000000,0.148200000000
1463149501,453.510000000000,2.240700000000
1463149533,453.550000000000,0.401600000000
1463149562,453.550000000000,1.737500000000
1463149591,453.530000000000,0.044800000000
1463149615,453.530000000000,0.049500000000
1463149831,453.530000000000,0.666300000000
1463149852,453.520000000000,0.100000000000
1463149862,453.530000000000,3.477700000000
1463149951,453.450000000000,0.111000000000
1463149982,453.450000000000,5.610000000000
1463149992,453.400000000000,0.095000000000
1463150041,453.400000000000,26.000000000000
1463150042,453.450000000000,0.010000000000
1463150118,453.120000000000,1.060700000000
1463150131,453.120000000000,1.363400000000
1463150161,453.290000000000,1.490900000000
1463150221,453.380000000000,0.270500000000
1463150235,453.380000000000,0.379200000000
1463150251,453.380000000000,4.214900000000
1463150372,452.920000000000,2.226500000000
1463150417,452.920000000000,0.297400000000
1463150434,452.920000000000,5.144800000000
1463150462,452.860000000000,0.010500000000
1463150493,452.850000000000,0.253800000000
1463150521,452.850000000000,1.348200000000
1463150551,452.850000000000,7.219300000000
1463150612,452.820000000000,1.784900000000
1463150622,452.680000000000,0.010000000000
1463150636,452.680000000000,0.010000000000
1463150641,452.680000000000,0.011700000000
1463150646,452.680000000000,0.097000000000
1463150702,452.680000000000,0.434700000000
1463150734,452.680000000000,0.021800000000
1463150748,452.670000000000,0.800000000000
1463150751,452.680000000000,2.420000000000
1463150791,452.820000000000,5.343900000000
1463150793,452.760000000000,26.000000000000
1463150817,452.990000000000,0.742100000000
1463150853,452.990000000000,1.141900000000
1463150912,452.990000000000,0.087300000000
1463150972,452.990000000000,0.172100000000
1463151122,453.300000000000,2.308000000000
1463151151,453.210000000000,1.759500000000
1463151181,453.040000000000,0.778000000000
1463151210,453.040000000000,0.100500000000
1463151371,452.710000000000,1.000000000000
1463151379,452.710000000000,1.000000000000
1463151389,452.710000000000,1.000000000000
1463151400,452.710000000000,1.000000000000
1463151409,452.710000000000,1.000000000000
1463151429,452.710000000000,1.000000000000
1463151436,452.710000000000,1.000000000000
1463151444,452.710000000000,1.000000000000
1463151451,453.300000000000,0.206400000000
1463151457,452.710000000000,1.000000000000
1463151468,452.710000000000,1.000000000000
1463151475,452.710000000000,1.000000000000
1463152219,453.240000000000,0.518700000000
1463152677,453.190000000000,1.081100000000
1463152749,452.950000000000,1.000000000000
1463152811,453.100000000000,5.000000000000
1463152812,453.250000000000,0.800000000000
1463152812,453.300000000000,1.571000000000
1463152812,453.110000000000,1.218000000000
1463152813,453.330000000000,15.823500000000
1463152823,453.160000000000,5.000000000000
1463152831,453.170000000000,4.900000000000
1463152831,453.150000000000,0.100000000000
1463152838,453.180000000000,5.000000000000
1463152842,453.200000000000,3.967000000000
1463152845,453.260000000000,3.374000000000
1463152845,453.250000000000,1.626000000000
1463152845,453.200000000000,82.778500000000
1463152853,453.420000000000,5.000000000000
1463152859,453.530000000000,1.978000000000
1463152860,453.540000000000,1.678000000000
1463152860,453.550000000000,1.344000000000
1463152868,453.550000000000,5.000000000000
1463152878,453.470000000000,5.000000000000
1463152886,453.530000000000,5.000000000000
1463152893,453.630000000000,5.000000000000
1463152900,453.700000000000,3.000000000000
1463152901,453.740000000000,0.450000000000
1463152910,453.720000000000,0.520000000000
1463152917,453.720000000000,5.000000000000
1463152924,453.720000000000,0.362400000000
1463152924,453.740000000000,3.560000000000
1463152931,453.640000000000,5.000000000000
1463153219,453.520000000000,0.970000000000
1463153301,453.520000000000,0.004100000000
1463153301,453.400000000000,1.155900000000
1463153495,453.980000000000,0.221000000000
1463153622,453.880000000000,0.253600000000
1463154395,453.880000000000,2.524000000000
1463154629,453.740000000000,0.804000000000
1463154664,453.740000000000,0.515300000000
1463154672,453.740000000000,26.000000000000
1463154796,453.800000000000,2.253700000000
1463154871,453.800000000000,0.546300000000
1463154872,454.000000000000,20.472600000000
1463155037,454.100000000000,0.113800000000
1463155085,454.090000000000,0.500000000000
1463155386,454.070000000000,0.037900000000
1463155578,454.060000000000,5.000000000000
1463155578,454.090000000000,3.907000000000
1463155579,454.050000000000,1.884000000000
1463155580,454.060000000000,1.642000000000
1463155711,454.100000000000,0.399800000000
1463155713,453.830000000000,1.416000000000
1463155713,453.850000000000,1.787000000000
1463155714,453.750000000000,5.000000000000
1463155714,453.750000000000,5.000000000000
1463155715,453.750000000000,0.800000000000
1463155716,453.750000000000,2.911000000000
1463155717,453.750000000000,4.086000000000
1463155718,454.100000000000,0.914000000000
1463155740,454.350000000000,0.500000000000
1463155740,454.360000000000,14.699900000000
1463155740,454.100000000000,8.572400000000
1463155921,454.200000000000,0.330600000000
1463155974,454.200000000000,0.120000000000
1463155981,454.210000000000,0.120000000000
1463155998,454.210000000000,5.000000000000
1463156002,454.210000000000,3.006000000000
1463156005,454.210000000000,5.000000000000
1463156011,454.210000000000,0.865200000000
1463156012,454.210000000000,5.000000000000
1463156020,454.210000000000,5.000000000000
1463156028,454.210000000000,5.000000000000
1463156035,454.210000000000,5.000000000000
1463156036,454.210000000000,8.008800000000
1463156068,454.840000000000,5.000000000000
1463156075,454.850000000000,5.000000000000
1463156078,454.850000000000,0.767400000000
1463156094,454.850000000000,5.000000000000
1463156102,454.850000000000,5.000000000000
1463156103,454.790000000000,5.000000000000
1463156104,454.710000000000,0.047000000000
1463156105,454.660000000000,0.753000000000
1463156113,454.810000000000,4.820000000000
1463156113,454.820000000000,0.180000000000
1463156236,454.850000000000,4.230000000000
1463156301,454.850000000000,0.002600000000
1463156301,454.940000000000,33.000000000000
1463156302,454.990000000000,0.800000000000
1463156308,454.990000000000,5.000000000000
1463156317,454.990000000000,5.000000000000
1463156331,454.990000000000,0.160000000000
1463156336,454.940000000000,0.800000000000
1463156338,454.990000000000,5.000000000000
1463156358,454.990000000000,0.060000000000
1463156365,454.990000000000,0.010000000000
1463156397,454.990000000000,0.040000000000
1463156419,454.990000000000,0.020000000000
1463156425,454.990000000000,0.010000000000
1463156431,454.990000000000,42.407700000000
1463156454,454.930000000000,1.000000000000
1463156458,454.920000000000,0.110000000000
1463156459,454.820000000000,2.569000000000
1463156911,454.900000000000,1.353000000000
1463156911,454.690000000000,1.330000000000
1463156912,454.990000000000,7.825800000000
1463156912,454.980000000000,2.019000000000
1463156939,454.990000000000,15.800000000000
1463157240,454.340000000000,5.000000000000
1463157241,454.130000000000,1.504200000000
1463157248,454.410000000000,5.000000000000
1463157254,454.450000000000,5.000000000000
1463157262,454.370000000000,5.000000000000
1463157270,454.940000000000,5.000000000000
1463157404,454.500000000000,0.351000000000
1463157473,454.990000000000,5.000000000000
1463157480,454.990000000000,5.000000000000
1463157488,454.990000000000,0.830000000000
1463157494,454.990000000000,0.240000000000
1463157522,454.990000000000,5.000000000000
1463157528,454.990000000000,1.796500000000
1463157528,455.030000000000,3.203500000000
1463157564,454.920000000000,1.818000000000
1463157564,455.110000000000,0.002000000000
1463157690,454.750000000000,1.950000000000
1463157697,454.900000000000,0.010000000000
1463157703,454.900000000000,0.010000000000
1463157714,454.900000000000,0.420000000000
1463157720,454.900000000000,0.010000000000
1463157797,454.900000000000,0.037600000000
1463158079,455.140000000000,0.170100000000
1463158094,455.200000000000,0.176900000000
1463158421,454.920000000000,0.018800000000
1463158647,454.980000000000,0.122900000000
1463158806,454.980000000000,0.041600000000
1463158854,454.980000000000,5.000000000000
1463158861,454.940000000000,5.000000000000
1463159245,455.420000000000,0.022700000000
1463159492,455.260000000000,3.091000000000
1463159499,455.170000000000,3.457000000000
1463159635,455.040000000000,0.715000000000
1463159669,455.420000000000,4.776900000000
1463159717,455.420000000000,0.018900000000
1463159753,455.420000000000,21.789200000000
1463159853,455.420000000000,5.230900000000
1463159882,455.420000000000,2.721100000000
1463160006,455.420000000000,0.566200000000
1463160094,455.420000000000,0.336700000000
1463160126,455.420000000000,0.501800000000
1463160158,455.420000000000,0.981400000000
1463160158,455.420000000000,0.150000000000
1463160244,455.420000000000,4.904200000000
1463160244,455.700000000000,0.095800000000
1463161021,455.400000000000,0.438000000000
1463161155,455.780000000000,1.000100000000
1463161285,455.400000000000,14.562000000000
1463161503,454.860000000000,2.872000000000
1463161634,454.880000000000,0.123800000000
1463161676,454.530000000000,5.000000000000
1463161677,454.500000000000,2.000000000000
1463161730,455.010000000000,1.585900000000
1463161760,455.020000000000,71.900000000000
1463161760,455.010000000000,5.000000000000
1463161761,455.150000000000,76.188000000000
1463161762,455.150000000000,1.912000000000
1463162029,454.950000000000,5.000000000000
1463162207,455.020000000000,0.045400000000
1463162298,455.020000000000,0.018900000000
1463162399,455.020000000000,0.139700000000
1463162577,455.390000000000,0.086500000000
1463162631,454.950000000000,0.800000000000
1463162884,455.040000000000,1.147900000000
1463163015,455.360000000000,1.920000000000
1463163015,455.370000000000,4.206100000000
1463163273,455.550000000000,0.060500000000
1463163967,455.420000000000,0.042300000000
1463164859,455.550000000000,0.029600000000
1463165137,455.330000000000,2.753000000000
1463165573,455.550000000000,4.909900000000
1463165650,455.750000000000,4.000000000000
1463166015,455.750000000000,0.002100000000
1463166263,455.330000000000,45.756100000000
1463166263,455.360000000000,6.300000000000
1463166263,455.370000000000,5.000000000000
1463166264,455.150000000000,23.700000000000
1463166264,455.000000000000,19.243900000000
1463166342,455.000000000000,7.184200000000
1463166342,455.230000000000,5.000000000000
1463166342,455.220000000000,45.099700000000
1463166342,455.000000000000,42.716100000000
1463166362,455.190000000000,4.900000000000
1463166362,455.000000000000,40.013900000000
1463166362,455.180000000000,41.633100000000
1463166362,455.000000000000,13.453000000000
1463166471,455.070000000000,39.050200000000
1463166473,455.000000000000,2.507000000000
1463166481,455.000000000000,0.773900000000
1463166527,454.750000000000,0.500000000000
1463166540,454.640000000000,1.848000000000
1463166540,454.750000000000,9.500000000000
1463166541,454.430000000000,6.522000000000
1463166541,454.390000000000,26.110000000000
1463166541,454.630000000000,24.310000000000
1463166541,454.460000000000,1.948000000000
1463166542,454.000000000000,1.278000000000
1463166542,454.000000000000,2.000000000000
1463166542,454.230000000000,1.477000000000
1463166542,454.370000000000,37.667100000000
1463166543,454.000000000000,35.922700000000
1463166543,454.000000000000,33.061200000000
1463166543,454.000000000000,36.890500000000
1463166543,454.000000000000,35.975300000000
1463166543,454.000000000000,33.882000000000
1463166544,454.000000000000,31.803300000000
1463166544,454.000000000000,32.462700000000
1463166545,454.000000000000,3.541000000000
1463166548,454.000000000000,2.520000000000
1463166560,454.000000000000,3.985000000000
1463166572,454.000000000000,1.536000000000
1463166581,453.740000000000,1.291000000000
1463166581,453.600000000000,6.537000000000
1463166581,453.970000000000,29.862000000000
1463166582,453.090000000000,1.494000000000
1463166582,453.180000000000,41.457100000000
1463166582,453.320000000000,1.251000000000
1463166582,453.560000000000,1.278000000000
1463166583,453.000000000000,2.000000000000
1463166583,453.000000000000,1.000000000000
1463166584,453.000000000000,3.595000000000
1463166601,453.000000000000,2.921000000000
1463166620,452.770000000000,0.220000000000
1463166620,452.590000000000,0.188700000000
1463166631,453.000000000000,0.058400000000
1463166664,453.000000000000,0.171700000000
1463166667,453.000000000000,0.049400000000
1463166709,453.000000000000,26.000000000000
1463166750,453.000000000000,0.025000000000
1463166778,453.000000000000,8.656000000000
1463166785,453.000000000000,25.000000000000
1463166802,453.000000000000,26.000000000000
1463166840,453.000000000000,20.011000000000
1463166901,453.000000000000,0.100000000000
1463166916,453.000000000000,301.242400000000
1463167801,453.820000000000,0.992500000000
1463167802,453.820000000000,4.007500000000
1463167802,453.830000000000,20.992500000000
1463168030,453.960000000000,0.800000000000
1463168036,453.960000000000,1.250000000000
1463168311,453.910000000000,0.438600000000
1463168348,453.960000000000,0.450000000000
1463168374,453.950000000000,6.164700000000
1463168401,453.960000000000,3.155900000000
1463168461,453.810000000000,5.000000000000
1463168461,453.820000000000,5.842400000000
1463168556,453.960000000000,4.010000000000
1463168557,453.970000000000,24.490000000000
1463168645,453.980000000000,1.842700000000
1463168673,453.980000000000,0.553800000000
1463168701,453.980000000000,0.029800000000
1463168702,453.980000000000,0.300000000000
1463168764,453.980000000000,4.675800000000
1463168791,453.980000000000,0.200700000000
1463168793,453.980000000000,0.030000000000
1463168818,453.980000000000,0.070000000000
1463168821,453.980000000000,0.690000000000
1463168852,453.980000000000,0.093500000000
1463168912,453.980000000000,7.811700000000
1463168941,453.980000000000,0.702400000000
1463169001,454.000000000000,1.801800000000
1463169031,454.000000000000,0.377100000000
1463169061,454.000000000000,0.150700000000
1463169089,454.000000000000,0.110000000000
1463169271,454.000000000000,1.840000000000
1463169294,454.000000000000,0.190000000000
1463169332,454.000000000000,2.125400000000
1463169361,454.000000000000,1.331400000000
1463169392,454.000000000000,4.331000000000
1463169395,454.000000000000,0.010000000000
1463169411,454.000000000000,100.000000000000
1463169421,454.000000000000,0.084400000000
1463169451,453.980000000000,0.120000000000
1463169482,453.980000000000,1.161700000000
1463169523,453.980000000000,4.538300000000
1463169524,454.000000000000,0.077700000000
1463169542,454.000000000000,0.202800000000
1463169571,453.980000000000,0.100000000000
1463169572,454.000000000000,5.284800000000
1463169619,454.000000000000,0.020000000000
1463169632,454.000000000000,8.977900000000
1463169646,454.000000000000,0.945800000000
1463169667,454.000000000000,6.609000000000
1463169693,454.000000000000,0.535800000000
1463171670,454.000000000000,0.754600000000
1463171671,454.300000000000,5.480200000000
1463171731,454.490000000000,0.747500000000
1463171761,454.490000000000,0.360600000000
1463171875,454.490000000000,20.901900000000
1463171876,454.490000000000,5.098100000000
1463171882,454.510000000000,0.020000000000
1463172061,454.490000000000,15.090000000000
1463172062,454.510000000000,1.942700000000
1463172070,454.330000000000,0.010000000000
1463172078,454.330000000000,0.570000000000
1463172099,454.330000000000,0.129900000000
1463172122,454.330000000000,3.247200000000
1463172153,454.320000000000,9.758900000000
1463172183,454.380000000000,0.556100000000
1463172187,454.380000000000,0.010000000000
1463172212,454.380000000000,0.429000000000
1463172242,454.380000000000,0.325600000000
1463172271,454.380000000000,0.250600000000
1463172302,454.380000000000,1.729100000000
1463172332,454.420000000000,2.620900000000
1463172362,453.900000000000,0.997900000000
1463172362,454.450000000000,1.312000000000
1463172481,454.100000000000,1.000000000000
1463172482,454.480000000000,1.763300000000
1463172511,454.280000000000,0.143000000000
1463172571,454.480000000000,3.467100000000
1463172572,454.530000000000,0.459000000000
1463172714,454.530000000000,0.641100000000
1463172845,454.170000000000,2.812700000000
1463172891,453.770000000000,1.967200000000
1463172903,454.200000000000,0.191000000000
1463172931,454.200000000000,0.019000000000
1463172952,453.770000000000,1.967200000000
1463172962,454.200000000000,0.253200000000
1463172963,454.200000000000,0.132700000000
1463172983,453.770000000000,1.967200000000
1463173022,454.200000000000,0.567100000000
1463173041,454.200000000000,0.111100000000
1463173048,454.200000000000,0.010000000000
1463173049,454.200000000000,0.385000000000
1463173051,454.110000000000,0.240500000000
1463173053,454.110000000000,0.010000000000
1463173054,454.110000000000,0.370000000000
1463173058,454.110000000000,0.010000000000
1463173081,454.110000000000,0.110400000000
1463173281,454.700000000000,0.023200000000
1463173322,454.700000000000,2.903700000000
1463173351,454.700000000000,0.545200000000
1463173411,454.700000000000,0.306900000000
1463173442,454.700000000000,2.203200000000
1463173473,454.940000000000,1.088600000000
1463173545,454.940000000000,0.312100000000
1463173622,454.990000000000,0.252800000000
1463173681,454.990000000000,0.937300000000
1463173745,454.880000000000,0.047800000000
1463173952,454.880000000000,1.200700000000
1463173981,454.880000000000,5.137900000000
1463174012,454.550000000000,0.450000000000
1463174102,454.200000000000,0.234000000000
1463174131,454.200000000000,0.146600000000
1463174150,454.700000000000,0.210600000000
1463174162,454.700000000000,1.656200000000
1463174217,454.230000000000,1.110900000000
1463174223,454.230000000000,0.718800000000
1463174252,454.300000000000,0.114600000000
1463174282,454.300000000000,0.497700000000
1463174282,454.490000000000,0.534000000000
1463174330,454.700000000000,0.639100000000
1463174346,454.700000000000,0.054200000000
1463174445,454.700000000000,2.388500000000
1463174447,454.700000000000,0.010000000000
1463174484,454.700000000000,9.401800000000
1463174492,454.700000000000,0.123900000000
1463174605,454.700000000000,0.107300000000
1463174612,454.700000000000,1.676400000000
1463174621,454.700000000000,0.032700000000
1463174643,454.700000000000,0.399600000000
1463174661,454.700000000000,0.014700000000
1463174672,454.700000000000,1.496900000000
1463174672,454.700000000000,14.789300000000
1463174694,454.700000000000,0.504900000000
1463174741,454.700000000000,7.875300000000
1463174800,454.700000000000,0.479300000000
1463174913,454.700000000000,1.137500000000
1463174942,454.700000000000,0.304300000000
1463174942,454.990000000000,0.568600000000
1463175511,454.400000000000,0.250000000000
1463175572,454.400000000000,0.701400000000
1463175961,454.580000000000,8.283800000000
1463175971,454.500000000000,0.019500000000
1463175991,454.500000000000,0.010300000000
1463176021,454.500000000000,0.106700000000
1463176051,454.500000000000,0.629500000000
1463176141,454.500000000000,3.327300000000
1463176171,454.490000000000,0.305400000000
1463176201,454.490000000000,0.031300000000
1463176261,454.490000000000,1.601700000000
1463176411,454.400000000000,0.955400000000
1463176444,454.400000000000,1.086000000000
1463176471,454.400000000000,0.687000000000
1463176533,454.440000000000,1.647100000000
1463176571,454.520000000000,0.983200000000
1463176592,454.520000000000,0.065000000000
1463176654,454.520000000000,0.876900000000
1463176814,454.560000000000,9.674900000000
1463176816,454.840000000000,0.018900000000
1463176844,454.840000000000,0.183800000000
1463177017,454.840000000000,0.612400000000
1463177207,454.840000000000,18.648700000000
1463177228,454.860000000000,2.644400000000
1463177455,454.950000000000,0.412800000000
1463177882,454.950000000000,1.250500000000
1463178127,454.440000000000,3.521000000000
1463178139,454.230000000000,2.884000000000
1463178159,454.190000000000,2.454000000000
1463178293,454.500000000000,0.019500000000
1463178301,454.500000000000,1.927300000000
1463178603,454.650000000000,0.192400000000
1463178901,454.650000000000,2.006000000000
1463179173,454.530000000000,0.032300000000
1463179201,454.750000000000,1.992000000000
1463179201,454.850000000000,0.282700000000
1463179325,454.440000000000,1.042300000000
1463179353,454.440000000000,0.151100000000
1463179363,454.450000000000,0.035600000000
1463179382,454.450000000000,0.450000000000
1463179382,454.450000000000,0.450000000000
1463179411,454.450000000000,0.591700000000
1463179501,454.450000000000,2.412100000000
1463180126,454.430000000000,0.151600000000
1463180415,454.620000000000,0.081700000000
1463180582,454.950000000000,4.027500000000
1463180853,454.980000000000,1.012600000000
1463181092,454.220000000000,2.529600000000
1463181272,454.320000000000,0.188500000000
1463182388,454.700000000000,0.014000000000
1463182565,454.600000000000,1.000000000000
1463182613,454.550000000000,1.000000000000
1463182613,454.560000000000,0.800000000000
1463182727,454.500000000000,1.000000000000
1463183075,454.410000000000,2.509000000000
1463183080,454.400000000000,1.000000000000
1463184892,454.840000000000,0.013200000000
1463185214,454.980000000000,2.483000000000
1463185467,454.990000000000,0.057800000000
1463186344,454.630000000000,0.042900000000
1463186544,454.630000000000,0.177100000000
1463186588,454.740000000000,3.699000000000
1463186619,454.770000000000,3.308000000000
1463186623,454.680000000000,3.336000000000
1463187661,454.990000000000,3.214000000000
1463187664,454.990000000000,13.861200000000
1463187665,455.000000000000,19.253700000000
1463187666,455.000000000000,32.097900000000
1463187667,455.000000000000,23.802700000000
1463187667,455.000000000000,6.317300000000
1463188935,455.000000000000,0.162900000000
1463189055,455.000000000000,2.076400000000
1463191935,455.000000000000,0.187200000000
1463195785,454.390000000000,2.718000000000
1463195790,454.200000000000,1.000000000000
1463195793,454.010000000000,1.000000000000
1463197276,454.600000000000,1.019900000000
1463198561,454.000000000000,1.000000000000
1463198574,453.900000000000,1.000000000000
1463198574,453.900000000000,1.440000000000
1463198892,453.780000000000,3.662000000000
1463199109,453.770000000000,2.618000000000
1463199938,453.890000000000,0.013000000000
1463199970,453.780000000000,2.724000000000
1463200004,453.750000000000,3.225000000000
1463200051,453.750000000000,0.800000000000
1463200066,453.750000000000,0.975000000000
1463200066,453.000000000000,5.000000000000
1463200066,453.290000000000,21.300000000000
1463200066,453.000000000000,17.000000000000
1463200066,453.500000000000,25.000000000000
1463200069,452.940000000000,0.800000000000
1463200144,452.940000000000,3.624000000000
1463200443,453.880000000000,2.720000000000
1463200444,453.890000000000,16.110000000000
1463202032,453.230000000000,3.741000000000
1463206037,453.160000000000,0.219600000000
1463207005,453.810000000000,0.047100000000
1463207415,453.810000000000,0.716300000000
1463208745,453.710000000000,0.025600000000
1463213394,453.040000000000,5.000000000000
1463213395,453.000000000000,25.000000000000
1463213395,453.030000000000,7.270000000000
1463213416,452.930000000000,5.000000000000
1463213417,452.890000000000,14.080000000000
1463213417,452.900000000000,5.000000000000
1463213417,452.920000000000,1.630000000000
1463213418,452.640000000000,25.350000000000
1463213418,452.700000000000,1.251000000000
1463213418,452.820000000000,10.000000000000
1463213418,452.720000000000,30.543900000000
1463213419,452.590000000000,19.811300000000
1463213419,452.260000000000,1.412000000000
1463213419,452.500000000000,8.800000000000
1463213419,452.460000000000,1.484000000000
1463213420,452.210000000000,0.230000000000
1463213420,452.010000000000,1.307000000000
1463213420,452.000000000000,2.000000000000
1463213421,452.000000000000,30.754900000000
1463213421,452.000000000000,3.000000000000
1463213422,452.000000000000,2.784000000000
1463213430,452.000000000000,2.930000000000
1463213442,452.000000000000,3.423000000000
1463213481,451.990000000000,0.800000000000
1463213518,451.990000000000,3.880000000000
1463213519,451.980000000000,10.000000000000
1463213519,451.980000000000,10.000000000000
1463213519,451.980000000000,10.000000000000
1463213520,451.820000000000,6.577000000000
1463213520,451.980000000000,10.000000000000
1463213520,451.890000000000,41.112200000000
1463213520,451.980000000000,10.000000000000
1463213521,451.020000000000,84.904600000000
1463213521,451.360000000000,22.000000000000
1463213521,450.330000000000,20.000000000000
1463213521,450.000000000000,1.000000000000
1463213522,450.000000000000,3.000000000000
1463213522,450.000000000000,21.000000000000
1463213523,450.000000000000,0.523000000000
1463213529,450.000000000000,5.150000000000
1463213541,450.000000000000,3.674100000000
1463213545,450.000000000000,1.475900000000
1463213549,450.000000000000,0.032000000000
1463213553,450.000000000000,2.937200000000
1463213655,450.000000000000,4.418400000000
1463213672,450.000000000000,4.418400000000
1463213687,450.000000000000,4.418400000000
1463213699,450.000000000000,4.418400000000
1463213710,450.000000000000,4.418400000000
1463213721,450.000000000000,4.418400000000
1463213735,450.000000000000,4.418400000000
1463213831,450.000000000000,4.418400000000
1463213842,450.000000000000,4.418400000000
1463213941,449.990000000000,4.418400000000
1463213956,449.990000000000,4.418400000000
1463214005,449.990000000000,4.418400000000
1463214022,450.000000000000,2.768400000000
1463214022,449.990000000000,1.650000000000
1463214034,450.000000000000,4.418400000000
1463214048,450.000000000000,4.418400000000
1463214223,450.000000000000,4.418400000000
1463214237,450.000000000000,4.418400000000
1463214254,450.000000000000,4.418400000000
1463214267,450.000000000000,4.418400000000
1463214834,450.000000000000,4.418400000000
1463214850,450.000000000000,4.418400000000
1463215264,450.000000000000,4.418400000000
1463215274,450.000000000000,4.418400000000
1463215418,450.000000000000,4.418400000000
1463215434,450.000000000000,4.418400000000
1463215918,450.000000000000,5.998800000000
1463216584,450.000000000000,0.012000000000
1463216591,450.000000000000,0.101000000000
1463216598,450.000000000000,1.000000000000
1463216605,450.000000000000,1.000000000000
1463216623,450.000000000000,0.898000000000
1463216630,450.000000000000,0.010000000000
1463216636,450.000000000000,0.050000000000
1463216643,450.000000000000,0.620000000000
1463216650,450.000000000000,0.014000000000
1463216657,450.000000000000,0.074000000000
1463216664,450.000000000000,0.150000000000
1463216671,450.000000000000,0.404000000000
1463216678,450.000000000000,0.040000000000
1463216685,450.000000000000,0.120000000000
1463216692,450.000000000000,0.040000000000
1463216698,450.000000000000,0.300000000000
1463216705,450.000000000000,1.000000000000
1463216712,450.000000000000,1.000000000000
1463216718,450.000000000000,0.574000000000
1463216725,450.000000000000,0.022000000000
1463216732,450.000000000000,0.056000000000
1463216739,450.000000000000,1.000000000000
1463216746,450.000000000000,0.225000000000
1463216752,450.000000000000,0.248000000000
1463216759,450.000000000000,0.353000000000
1463216766,450.000000000000,0.650000000000
1463216773,450.000000000000,1.000000000000
1463216780,450.000000000000,0.019000000000
1463216786,450.000000000000,0.062000000000
1463216794,450.000000000000,0.256000000000
1463216800,450.000000000000,0.964000000000
1463216807,450.000000000000,0.070000000000
1463216814,450.000000000000,0.034000000000
1463216820,450.000000000000,0.030000000000
1463216827,450.000000000000,0.722000000000
1463216834,450.000000000000,0.070000000000
1463216840,450.000000000000,0.030000000000
1463216847,450.000000000000,0.050000000000
1463216854,450.000000000000,0.295000000000
1463216862,450.000000000000,0.866000000000
1463216868,450.000000000000,0.256000000000
1463216875,450.000000000000,0.030000000000
1463216882,450.000000000000,0.105000000000
1463216888,450.000000000000,0.020000000000
1463216895,450.000000000000,0.305000000000
1463216902,450.000000000000,0.477000000000
1463216909,450.000000000000,0.658000000000
1463216916,450.000000000000,1.000000000000
1463216923,450.000000000000,1.000000000000
1463216929,450.000000000000,0.239000000000
1463216936,450.000000000000,0.265000000000
1463216943,450.000000000000,0.996000000000
1463216950,450.000000000000,0.013000000000
1463216957,450.000000000000,0.853000000000
1463216964,450.000000000000,0.032000000000
1463216971,450.000000000000,1.000000000000
1463216977,450.000000000000,0.036000000000
1463216984,450.000000000000,0.027000000000
1463216991,450.000000000000,1.000000000000
1463216998,450.000000000000,0.020000000000
1463217005,450.000000000000,0.051000000000
1463217012,450.000000000000,0.453000000000
1463217019,450.000000000000,0.010000000000
1463217025,450.000000000000,0.362000000000
1463217032,450.000000000000,0.883000000000
1463217039,450.000000000000,0.031000000000
1463217046,450.000000000000,0.024000000000
1463217053,450.000000000000,0.223000000000
1463217059,450.000000000000,0.100000000000
1463217066,450.000000000000,1.000000000000
1463217073,450.000000000000,1.000000000000
1463217080,450.000000000000,1.000000000000
1463217087,450.000000000000,0.503000000000
1463217105,450.000000000000,0.047000000000
1463217112,450.000000000000,0.076000000000
1463217118,450.000000000000,0.231000000000
1463217125,450.000000000000,0.030000000000
1463217132,450.000000000000,0.030000000000
1463217139,450.000000000000,0.696000000000
1463217146,450.000000000000,0.169000000000
1463217152,450.000000000000,0.320000000000
1463219376,449.980000000000,0.050000000000
1463219384,449.980000000000,0.161000000000
1463219466,449.980000000000,0.010000000000
1463219478,449.980000000000,0.057000000000
1463219485,449.980000000000,0.150000000000
1463219492,449.980000000000,0.293000000000
1463219499,449.980000000000,0.020000000000
1463219593,449.980000000000,0.597000000000
1463219599,449.980000000000,0.227000000000
1463219606,450.000000000000,0.021000000000
1463219613,449.980000000000,0.072000000000
1463219620,449.980000000000,0.211000000000
1463219627,449.980000000000,0.020000000000
1463219633,449.980000000000,0.455000000000
1463219640,449.980000000000,1.000000000000
1463219647,449.980000000000,0.034000000000
1463219654,449.980000000000,0.039000000000
1463219661,449.980000000000,0.029000000000
1463219668,449.980000000000,0.928000000000
1463219675,449.980000000000,0.042000000000
1463219681,449.980000000000,0.060000000000
1463219688,449.980000000000,0.677000000000
1463219695,449.980000000000,0.019000000000
1463219702,449.980000000000,0.120000000000
1463219709,449.980000000000,0.010000000000
1463219715,449.980000000000,1.000000000000
1463219722,450.000000000000,0.065000000000
1463219729,450.000000000000,0.814000000000
1463219736,449.980000000000,0.330000000000
1463219742,449.980000000000,0.010000000000
1463219749,449.980000000000,0.050000000000
1463219756,449.980000000000,0.050000000000
1463219763,449.980000000000,0.141000000000
1463219770,449.980000000000,0.010000000000
1463219777,449.980000000000,1.000000000000
1463219783,449.980000000000,1.000000000000
1463219790,449.980000000000,1.000000000000
1463219797,449.980000000000,1.000000000000
1463219804,449.980000000000,1.000000000000
1463219810,450.000000000000,1.000000000000
1463219817,450.000000000000,1.000000000000
1463219824,449.980000000000,1.000000000000
1463219831,449.980000000000,0.467000000000
1463224544,450.000000000000,125.000000000000
1463225140,450.000000000000,15.000000000000
1463225147,450.000000000000,5.000000000000
1463225748,450.000000000000,100.000000000000
1463226652,450.000000000000,15.000000000000
1463228197,450.000000000000,15.000000000000
1463228252,450.000000000000,0.500000000000
1463228531,450.000000000000,2.000000000000
1463229126,450.000000000000,4.418400000000
1463229140,450.000000000000,4.418400000000
1463236713,450.000000000000,0.006100000000
1463236724,450.000000000000,5.150000000000
1463236733,450.000000000000,1.989300000000
1463236757,450.000000000000,0.023600000000
1463237037,450.000000000000,0.709600000000
1463237761,450.000000000000,1.310000000000
1463237886,450.000000000000,2.000000000000
1463238766,452.000000000000,99.245000000000
1463238766,450.000000000000,0.755000000000
1463240955,452.000000000000,0.040900000000
1463241301,452.000000000000,2.630300000000
1463241915,452.000000000000,0.102200000000
1463250555,452.000000000000,2.241200000000
1463251035,452.000000000000,0.386900000000
1463251816,452.000000000000,0.122200000000
1463255632,449.300000000000,5.000000000000
1463255633,449.290000000000,0.556400000000
1463255636,449.000000000000,5.150000000000
1463255637,449.000000000000,0.060000000000
1463255645,449.000000000000,0.071000000000
1463255647,449.000000000000,3.646200000000
1463255651,449.000000000000,0.103000000000
1463255658,449.000000000000,0.127000000000
1463255664,449.000000000000,0.150000000000
1463255671,449.000000000000,0.181000000000
1463255674,449.000000000000,4.423800000000
1463255678,449.000000000000,0.010000000000
1463255684,449.000000000000,0.138000000000
1463255687,449.000000000000,4.423800000000
1463255691,449.000000000000,0.226000000000
1463255697,449.000000000000,0.144000000000
1463255704,449.000000000000,0.032000000000
1463255705,448.100000000000,5.000000000000
1463255706,448.000000000000,3.000000000000
1463255706,448.000000000000,5.000000000000
1463255706,448.090000000000,20.000000000000
1463255707,447.000000000000,4.423800000000
1463255708,447.000000000000,0.800000000000
1463255708,447.000000000000,0.019700000000
1463255710,447.000000000000,0.019000000000
1463255717,447.000000000000,0.079000000000
1463255719,447.000000000000,4.443600000000
1463255723,447.000000000000,0.100000000000
1463255730,447.000000000000,0.050000000000
1463255736,447.000000000000,0.050000000000
1463255741,447.000000000000,4.443600000000
1463255743,447.000000000000,0.050000000000
1463255749,447.000000000000,0.050000000000
1463255752,447.000000000000,4.443600000000
1463255756,447.000000000000,0.100000000000
1463255762,447.000000000000,0.030000000000
1463255765,447.000000000000,4.443600000000
1463255769,447.000000000000,0.551000000000
1463255775,447.000000000000,0.050000000000
1463255781,447.000000000000,0.044000000000
1463255788,447.000000000000,0.050000000000
1463255795,447.000000000000,0.050000000000
1463255801,447.000000000000,0.050000000000
1463255806,447.000000000000,4.443600000000
1463255808,447.000000000000,0.015000000000
1463255814,447.000000000000,0.030000000000
1463255821,447.000000000000,0.167000000000
1463255824,447.000000000000,4.443600000000
1463255827,447.000000000000,0.020000000000
1463255834,447.000000000000,0.249000000000
1463255841,447.000000000000,0.715000000000
1463255841,447.000000000000,4.443600000000
1463255879,447.000000000000,4.443600000000
1463255891,447.000000000000,4.443600000000
1463255908,447.000000000000,4.443600000000
1463255929,447.000000000000,0.088900000000
1463255935,447.000000000000,4.443600000000
1463255950,447.000000000000,4.443600000000
1463255963,447.000000000000,4.443600000000
1463255980,447.000000000000,4.443600000000
1463255993,447.000000000000,4.443600000000
1463256022,447.000000000000,4.443600000000
1463256218,446.990000000000,0.054200000000
1463256392,446.990000000000,0.129000000000
1463256548,446.990000000000,5.000000000000
1463256548,447.000000000000,5.000000000000
1463256597,446.990000000000,0.800000000000
1463256719,446.990000000000,4.010000000000
