1432341691,238.360000000000,23.629800000000
1432341743,238.520000000000,126.129700000000
1432341743,238.520000000000,23.870300000000
1432341869,238.240000000000,4.000000000000
1432341869,238.230000000000,0.900000000000
1432341869,238.450000000000,8.708400000000
1432341869,238.210000000000,1.000000000000
1432341870,238.000000000000,0.050000000000
1432341870,238.000000000000,8.618700000000
1432341870,238.000000000000,7.572500000000
1432341870,238.000000000000,6.076600000000
1432341870,238.000000000000,8.073800000000
1432364376,238.810000000000,0.006100000000
1432373387,239.000000000000,8.702300000000
1432373387,239.000000000000,8.332000000000
1432373388,239.000000000000,7.741600000000
1432373388,239.000000000000,7.995300000000
1432373389,239.000000000000,7.449700000000
1432391826,238.590000000000,24.699900000000
1432391826,238.580000000000,23.756600000000
1432391826,238.590000000000,0.300100000000
1432392193,238.580000000000,1.243400000000
1432393819,238.200000000000,1.990000000000
1432403639,238.010000000000,0.665800000000
1432403639,238.010000000000,24.334200000000
1432403639,237.960000000000,24.059100000000
1432405679,237.960000000000,23.401000000000
1432405680,237.960000000000,2.539900000000
1432409383,237.330000000000,22.411900000000
1432409383,237.670000000000,7.588100000000
1432411057,237.250000000000,7.728500000000
1432411090,237.170000000000,6.941300000000
1432416269,237.000000000000,44.000000000000
1432416295,237.000000000000,0.696500000000
1432416808,237.630000000000,24.538100000000
1432416809,237.630000000000,175.461900000000
1432416873,236.900000000000,7.545100000000
1432416873,237.160000000000,8.543700000000
1432416873,236.900000000000,8.494000000000
1432416873,236.900000000000,8.567600000000
1432416873,237.000000000000,5.303500000000
1432416874,236.900000000000,4.180400000000
1432416874,236.900000000000,7.365700000000
1432416913,237.340000000000,176.504500000000
1432416913,237.340000000000,23.495500000000
1432416933,237.340000000000,176.504500000000
1432416933,237.340000000000,23.495500000000
1432416954,237.340000000000,176.504500000000
1432416954,237.340000000000,23.495500000000
1432416975,237.340000000000,176.504500000000
1432416975,237.340000000000,23.495500000000
1432426728,237.340000000000,7.416400000000
1432426728,237.340000000000,8.353100000000
1432426729,237.340000000000,7.626300000000
1432470799,237.010000000000,4.999400000000
1432476370,237.340000000000,0.099700000000
1432476370,237.340000000000,0.900300000000
1432476462,237.340000000000,0.018300000000
1432476463,237.630000000000,24.538100000000
1432476801,237.690000000000,10.000000000000
1432477495,237.800000000000,0.148100000000
1432478044,237.630000000000,0.443600000000
1432479691,237.800000000000,4.851900000000
1432479692,237.800000000000,195.148100000000
1432479703,237.800000000000,4.851900000000
1432479703,237.800000000000,195.148100000000
1432479714,237.800000000000,195.148100000000
1432479714,237.800000000000,4.851900000000
1432479729,237.800000000000,195.148100000000
1432479729,237.800000000000,4.851900000000
1432479755,237.800000000000,4.851900000000
1432479756,237.800000000000,195.148100000000
1432480033,237.670000000000,8.280400000000
1432480033,237.010000000000,95.000600000000
1432480033,237.300000000000,24.030600000000
1432480034,237.000000000000,0.100000000000
1432480034,236.830000000000,48.731600000000
1432480034,237.000000000000,5.992400000000
1432480034,236.830000000000,8.124700000000
1432483135,238.150000000000,5.000000000000
1432483180,238.150000000000,2.500000000000
1432483858,238.240000000000,2.330000000000
1432484479,238.490000000000,0.805000000000
1432484479,238.240000000000,0.005000000000
1432484509,238.490000000000,1.000000000000
1432484557,238.490000000000,1.000000000000
1432484587,238.490000000000,1.000000000000
1432484618,238.490000000000,0.260000000000
1432484636,238.490000000000,3.435000000000
1432484637,238.500000000000,0.100000000000
1432484780,238.980000000000,0.200000000000
1432484893,238.980000000000,3.985000000000
1432484985,238.980000000000,5.815000000000
1432484986,239.000000000000,34.405900000000
1432484986,239.000000000000,59.779100000000
1432485151,239.000000000000,8.850000000000
1432487169,239.000000000000,6.744100000000
1432502904,239.480000000000,0.344400000000
1432513201,239.000000000000,0.255900000000
1432516392,238.240000000000,9.999800000000
1432518494,239.470000000000,199.655600000000
1432518494,239.470000000000,0.344400000000
1432518507,239.470000000000,0.344400000000
1432518507,239.470000000000,199.655600000000
1432518518,239.470000000000,199.655600000000
1432518518,239.470000000000,0.344400000000
1432518528,239.470000000000,199.655600000000
1432518528,239.470000000000,0.344400000000
1432523568,239.270000000000,2.000000000000
1432523569,239.270000000000,2.000000000000
1432523569,239.270000000000,2.000000000000
1432523569,239.270000000000,2.000000000000
1432523569,239.270000000000,2.000000000000
1432523569,239.270000000000,2.000000000000
1432523569,239.270000000000,2.000000000000
1432523570,239.270000000000,2.000000000000
1432523570,239.270000000000,2.000000000000
1432523570,239.270000000000,2.000000000000
1432523570,239.270000000000,2.000000000000
1432523570,239.270000000000,0.196700000000
1432523570,239.270000000000,2.000000000000
1432523571,239.260000000000,0.344700000000
1432523571,239.270000000000,0.803300000000
1432537576,239.400000000000,0.009900000000
1432538870,239.420000000000,15.371100000000
1432541266,238.240000000000,24.583000000000
1432541267,238.240000000000,15.417200000000
1432541267,238.230000000000,2.000000000000
1432541268,238.200000000000,0.100000000000
1432541535,237.900000000000,0.100000000000
1432541535,238.000000000000,0.100000000000
1432544267,238.010000000000,1.500000000000
1432544267,238.010000000000,1.500000000000
1432544267,238.010000000000,1.500000000000
1432544267,238.010000000000,1.500000000000
1432544267,238.010000000000,1.500000000000
1432544267,238.010000000000,1.500000000000
1432544268,238.010000000000,1.500000000000
1432544268,238.010000000000,1.500000000000
1432544268,238.010000000000,1.500000000000
1432544268,238.010000000000,1.500000000000
1432544268,238.010000000000,1.500000000000
1432544268,238.010000000000,1.500000000000
1432544268,238.010000000000,1.500000000000
1432544269,238.010000000000,0.939900000000
1432544269,238.010000000000,0.560100000000
1432544269,238.010000000000,1.500000000000
1432544269,238.010000000000,1.500000000000
1432544269,238.010000000000,1.000000000000
1432548189,237.000000000000,1.000000000000
1432548396,236.000000000000,24.609200000000
1432548424,236.000000000000,1.839100000000
1432548424,236.000000000000,0.010000000000
1432548424,236.000000000000,23.551700000000
1432549513,235.610000000000,0.875300000000
1432549667,235.300000000000,1.000000000000
1432555202,236.080000000000,24.197500000000
1432555202,236.080000000000,175.802500000000
1432555220,236.080000000000,24.197500000000
1432555220,235.950000000000,24.016500000000
1432555220,236.080000000000,151.786000000000
1432555238,236.080000000000,48.214000000000
1432555238,236.080000000000,151.786000000000
1432557001,236.080000000000,8.562300000000
1432557002,236.080000000000,7.949500000000
1432557002,236.080000000000,7.632200000000
1432557003,236.080000000000,8.673900000000
1432557003,236.080000000000,8.223800000000
1432557004,236.080000000000,7.172300000000
1432564443,236.310000000000,3.500000000000
1432566361,236.890000000000,0.089000000000
1432570739,236.620000000000,4.109000000000
1432572342,236.300000000000,0.010000000000
1432573075,236.300000000000,4.153000000000
1432573188,235.820000000000,4.135000000000
1432573188,235.810000000000,0.749600000000
1432577205,235.440000000000,2.344700000000
1432580119,235.740000000000,23.000000000000
1432580179,235.910000000000,23.000000000000
1432580204,235.850000000000,24.000000000000
1432583749,235.540000000000,4.146000000000
1432585066,235.260000000000,2.254200000000
1432602583,235.990000000000,8.370100000000
1432602584,235.990000000000,8.051500000000
1432602584,235.990000000000,7.335300000000
1432602585,235.990000000000,7.956300000000
1432604193,235.990000000000,7.735900000000
1432604193,235.990000000000,8.084300000000
1432604194,235.990000000000,2.466600000000
1432604194,236.160000000000,0.554300000000
1432605389,236.720000000000,176.247000000000
1432605389,236.720000000000,23.753000000000
1432605403,236.720000000000,176.247000000000
1432605403,236.720000000000,23.753000000000
1432605417,236.720000000000,23.753000000000
1432605417,236.720000000000,176.247000000000
1432605434,236.720000000000,23.753000000000
1432605435,236.720000000000,176.247000000000
1432605455,236.720000000000,176.247000000000
1432605455,236.720000000000,23.753000000000
1432605506,236.500000000000,4.155000000000
1432613689,235.700000000000,4.114000000000
1432613690,235.690000000000,4.645900000000
1432613690,235.690000000000,20.354100000000
1432613691,235.600000000000,0.400900000000
1432616259,235.540000000000,0.824000000000
1432624264,235.230000000000,4.123000000000
1432625116,235.220000000000,19.719100000000
1432625116,235.220000000000,5.280900000000
1432625116,235.230000000000,4.178000000000
1432625116,235.200000000000,1.204800000000
1432625117,235.020000000000,0.555000000000
1432625266,234.740000000000,2.348500000000
1432625785,234.130000000000,4.220000000000
1432625785,234.120000000000,5.000000000000
1432625785,234.050000000000,1.204800000000
1432625785,234.000000000000,22.207000000000
1432631892,235.410000000000,0.666300000000
1432633843,236.190000000000,4.158000000000
1432636417,235.860000000000,0.001300000000
1432636417,236.210000000000,0.704300000000
1432636417,236.210000000000,0.473000000000
1432636465,236.030000000000,4.104000000000
1432636926,236.360000000000,0.002600000000
1432644299,236.830000000000,0.775700000000
1432646010,236.470000000000,8.574600000000
1432646010,236.480000000000,4.123000000000
1432646120,236.470000000000,0.302400000000
1432647694,236.500000000000,19.503800000000
1432647694,236.510000000000,4.156000000000
1432647695,236.500000000000,24.402400000000
1432647991,236.500000000000,23.836900000000
1432649509,236.500000000000,19.297500000000
1432649509,236.510000000000,4.203000000000
1432649510,236.360000000000,3.000000000000
1432649510,236.500000000000,12.657000000000
1432649510,236.270000000000,5.000000000000
1432650085,236.410000000000,23.520800000000
1432651079,236.410000000000,19.806700000000
1432651079,236.420000000000,4.152000000000
1432651080,236.410000000000,6.672500000000
1432655466,236.110000000000,4.100000000000
1432655825,236.110000000000,4.140000000000
1432655825,236.100000000000,5.000000000000
1432656163,236.060000000000,1.000000000000
1432657713,235.590000000000,4.166000000000
1432657713,235.580000000000,0.213100000000
1432658182,235.580000000000,0.620900000000
1432660392,236.020000000000,24.458000000000
1432661624,236.020000000000,0.542000000000
1432661624,236.030000000000,4.180000000000
1432661625,235.800000000000,7.366500000000
1432661625,235.750000000000,7.891800000000
1432661625,235.750000000000,8.142300000000
1432661625,235.750000000000,8.356900000000
1432662273,235.990000000000,5.000000000000
1432663099,236.090000000000,3.040000000000
1432663155,236.100000000000,5.000000000000
1432663159,236.090000000000,5.000000000000
1432663162,236.050000000000,0.800000000000
1432663166,236.050000000000,3.500000000000
1432663169,235.980000000000,5.000000000000
1432663173,236.040000000000,2.200000000000
1432663177,235.970000000000,5.000000000000
1432663182,235.970000000000,5.000000000000
1432663186,236.130000000000,5.000000000000
1432663200,236.070000000000,0.610000000000
1432663287,236.070000000000,0.010000000000
1432663315,236.070000000000,4.050000000000
1432663400,236.150000000000,2.070000000000
1432663404,236.190000000000,4.110000000000
1432663408,236.170000000000,3.400000000000
1432663424,236.200000000000,0.040000000000
1432663427,236.200000000000,0.040000000000
1432663437,236.200000000000,0.900000000000
1432663440,236.200000000000,1.980000000000
1432663444,236.200000000000,0.700000000000
1432663459,236.200000000000,0.130000000000
1432663464,236.200000000000,0.500000000000
1432663477,236.200000000000,0.140000000000
1432663482,236.200000000000,0.160000000000
1432663496,236.200000000000,0.060000000000
1432663500,236.200000000000,0.050000000000
1432663534,236.200000000000,0.010000000000
1432663538,236.200000000000,0.010000000000
1432663550,236.200000000000,0.160000000000
1432663555,236.200000000000,0.120000000000
1432663558,236.280000000000,0.120000000000
1432663562,236.280000000000,0.120000000000
1432663567,236.280000000000,1.260000000000
1432663590,236.230000000000,0.680000000000
1432663594,236.230000000000,0.670000000000
1432663720,236.230000000000,0.050000000000
1432663741,236.230000000000,0.050000000000
1432663746,236.230000000000,0.870000000000
1432663751,236.080000000000,1.280000000000
1432663755,236.080000000000,0.010000000000
1432663759,236.080000000000,0.060000000000
1432663763,236.080000000000,0.060000000000
1432663767,236.080000000000,0.120000000000
1432663770,236.080000000000,0.060000000000
1432663777,236.080000000000,0.010000000000
1432663781,236.080000000000,0.520000000000
1432663866,236.080000000000,0.350000000000
1432663883,236.250000000000,0.010000000000
1432663893,236.250000000000,5.000000000000
1432663896,236.250000000000,5.000000000000
1432663906,236.270000000000,0.010000000000
1432663924,236.270000000000,0.150000000000
1432663935,236.270000000000,0.040000000000
1432663939,236.270000000000,0.010000000000
1432663945,236.270000000000,0.010000000000
1432663961,236.270000000000,0.060000000000
1432664033,236.270000000000,0.010000000000
1432664038,236.270000000000,4.140000000000
1432664089,236.320000000000,0.200000000000
1432664120,236.320000000000,0.495700000000
1432664121,236.330000000000,2.024300000000
1432664124,236.330000000000,0.500000000000
1432664136,236.270000000000,0.010000000000
1432664249,236.270000000000,0.010000000000
1432664264,236.270000000000,0.540000000000
1432664268,236.270000000000,0.780000000000
1432664269,236.260000000000,10.000000000000
1432664269,236.260000000000,4.201000000000
1432664272,236.250000000000,0.660000000000
1432664276,236.250000000000,0.230000000000
1432664345,236.250000000000,0.010000000000
1432664349,236.250000000000,0.010000000000
1432664352,236.250000000000,0.010000000000
1432664384,236.250000000000,3.860000000000
1432664480,236.270000000000,3.170000000000
1432664542,236.250000000000,0.220000000000
1432664555,236.250000000000,0.050000000000
1432664558,236.250000000000,0.020000000000
1432664609,236.250000000000,0.020000000000
1432664638,236.250000000000,0.040000000000
1432664648,236.250000000000,0.020000000000
1432664655,236.250000000000,0.020000000000
1432664742,236.250000000000,0.020000000000
1432664755,236.250000000000,0.020000000000
1432664767,236.250000000000,0.830000000000
1432664770,236.250000000000,3.940000000000
1432664781,236.190000000000,0.010000000000
1432664793,236.190000000000,0.010000000000
1432664796,236.190000000000,0.020000000000
1432664800,236.190000000000,0.020000000000
1432664880,236.190000000000,0.010000000000
1432664886,236.190000000000,0.010000000000
1432664911,236.190000000000,0.010000000000
1432664927,236.190000000000,1.240000000000
1432664932,236.350000000000,0.270000000000
1432664936,236.350000000000,0.500000000000
1432664967,236.350000000000,0.020000000000
1432664972,236.070000000000,0.500000000000
1432664979,236.070000000000,0.500000000000
1432664990,236.070000000000,0.500000000000
1432665011,236.070000000000,0.500000000000
1432665022,236.070000000000,0.500000000000
1432665094,236.000000000000,20.060300000000
1432665094,236.010000000000,4.133000000000
1432665095,236.000000000000,23.267100000000
1432665282,236.110000000000,0.740000000000
1432665292,236.110000000000,0.060000000000
1432665296,236.110000000000,0.540000000000
1432665420,236.110000000000,0.740000000000
1432665433,236.110000000000,0.020000000000
1432665456,236.110000000000,0.940000000000
1432665460,236.110000000000,0.450000000000
1432665463,236.030000000000,0.230000000000
1432665466,236.030000000000,0.220000000000
1432665471,236.030000000000,0.020000000000
1432665476,236.030000000000,0.020000000000
1432665490,236.030000000000,0.020000000000
1432665494,236.030000000000,0.020000000000
1432665497,236.030000000000,0.020000000000
1432665501,236.030000000000,0.020000000000
1432665518,236.030000000000,0.020000000000
1432665527,236.030000000000,0.020000000000
1432665530,236.030000000000,0.060000000000
1432665535,236.030000000000,0.080000000000
1432665541,236.030000000000,0.030000000000
1432665544,236.030000000000,0.020000000000
1432665547,236.030000000000,0.020000000000
1432665550,236.030000000000,0.170000000000
1432665567,236.030000000000,1.970000000000
1432665571,236.250000000000,0.970000000000
1432665639,236.200000000000,0.100000000000
1432665644,236.200000000000,0.010000000000
1432665695,236.200000000000,0.010000000000
1432665703,236.200000000000,0.010000000000
1432665716,236.200000000000,4.250000000000
1432665811,236.200000000000,1.290000000000
1432665878,236.200000000000,0.030000000000
1432666045,236.200000000000,4.300000000000
1432666046,236.470000000000,10.602100000000
1432666046,236.250000000000,22.997900000000
1432666697,236.180000000000,0.050000000000
1432666713,236.180000000000,0.010000000000
1432666734,236.180000000000,1.480000000000
1432666737,236.050000000000,0.070000000000
1432666740,236.050000000000,0.030000000000
1432666749,236.050000000000,0.150000000000
1432666753,236.050000000000,0.310000000000
1432666760,236.050000000000,0.040000000000
1432666766,236.050000000000,0.310000000000
1432666833,236.050000000000,0.080000000000
1432666972,236.110000000000,0.400000000000
1432666978,236.110000000000,0.020000000000
1432666982,236.110000000000,0.200000000000
1432667004,236.110000000000,0.020000000000
1432667008,236.110000000000,0.620000000000
1432667019,236.110000000000,0.020000000000
1432667023,236.110000000000,0.270000000000
1432667107,236.110000000000,0.040000000000
1432667127,236.110000000000,0.020000000000
1432667190,236.110000000000,2.020000000000
1432667199,236.090000000000,0.130000000000
1432667220,236.090000000000,1.090000000000
1432667246,236.090000000000,0.050000000000
1432667253,236.090000000000,0.030000000000
1432667257,236.090000000000,0.020000000000
1432667261,236.090000000000,0.040000000000
1432667267,236.090000000000,0.010000000000
1432667274,236.090000000000,0.010000000000
1432667323,236.090000000000,0.190000000000
1432667327,236.090000000000,3.370000000000
1432668321,236.210000000000,0.620000000000
1432668352,236.210000000000,0.100000000000
1432668357,236.210000000000,0.100000000000
1432668432,236.210000000000,0.850000000000
1432668633,236.230000000000,0.100000000000
1432668636,236.230000000000,0.050000000000
1432668663,236.230000000000,0.790000000000
1432668667,236.230000000000,0.100000000000
1432668679,236.230000000000,0.620000000000
1432668682,236.230000000000,0.470000000000
1432669135,236.310000000000,0.010000000000
1432669331,236.310000000000,3.000000000000
1432669331,236.300000000000,5.000000000000
1432669332,236.300000000000,4.170000000000
1432669584,236.350000000000,0.760000000000
1432669588,236.350000000000,0.130000000000
1432670231,236.350000000000,0.650000000000
1432670235,236.410000000000,0.390000000000
1432670263,236.410000000000,0.010000000000
1432670458,236.410000000000,24.336600000000
1432670960,236.420000000000,4.162000000000
1432670960,236.410000000000,0.663400000000
1432671013,236.410000000000,0.020000000000
1432671441,236.410000000000,0.150000000000
1432671445,236.410000000000,0.004600000000
1432671445,236.500000000000,0.035400000000
1432671498,236.500000000000,0.690000000000
1432671505,236.500000000000,0.060000000000
1432671508,236.500000000000,0.020000000000
1432671530,236.500000000000,0.120000000000
1432671633,236.500000000000,7.498200000000
1432671633,236.500000000000,1.576400000000
1432671748,236.590000000000,4.169000000000
1432671760,236.580000000000,6.676500000000
1432671760,236.580000000000,0.323500000000
1432671932,236.590000000000,0.090000000000
1432672958,236.470000000000,3.622100000000
1432673431,236.470000000000,0.571900000000
1432673871,236.460000000000,0.054100000000
1432673990,236.460000000000,0.054100000000
1432674050,236.470000000000,0.054100000000
1432674110,236.460000000000,0.054100000000
1432674170,236.460000000000,0.054100000000
1432674230,236.460000000000,0.054100000000
1432674732,236.590000000000,0.741000000000
1432675480,236.650000000000,1.779900000000
1432677718,236.350000000000,5.000000000000
1432677718,236.440000000000,6.000000000000
1432677718,236.460000000000,5.729500000000
1432677719,236.340000000000,5.000000000000
1432684508,236.180000000000,24.124100000000
1432684508,236.180000000000,175.875900000000
1432684519,236.180000000000,175.875900000000
1432684519,236.180000000000,24.124100000000
1432684531,236.180000000000,24.124100000000
1432684531,236.180000000000,175.875900000000
1432684544,236.180000000000,24.124100000000
1432684544,236.180000000000,175.875900000000
1432684564,236.180000000000,24.124100000000
1432684565,236.180000000000,175.875900000000
1432686551,236.080000000000,4.214000000000
1432689872,236.040000000000,4.191000000000
1432690569,236.030000000000,5.000000000000
1432690569,235.950000000000,4.174000000000
1432690911,236.040000000000,2.345700000000
1432690913,236.180000000000,8.099200000000
1432690913,236.180000000000,8.611000000000
1432693561,236.170000000000,0.092000000000
1432693889,236.230000000000,0.085000000000
1432693889,236.180000000000,7.413900000000
1432693911,236.230000000000,4.186000000000
1432694447,236.170000000000,4.908000000000
1432694448,235.800000000000,0.777100000000
1432694448,235.950000000000,8.674900000000
1432694448,235.840000000000,3.640000000000
1432694481,235.990000000000,6.594900000000
1432694556,235.890000000000,7.721000000000
1432695153,235.890000000000,0.279000000000
1432696679,235.990000000000,0.005100000000
1432701466,236.750000000000,5.000000000000
1432701466,236.750000000000,3.098000000000
1432701549,236.750000000000,5.000000000000
1432701549,236.750000000000,1.902000000000
1432701550,236.770000000000,0.855000000000
1432701550,236.770000000000,1.235000000000
1432701779,236.990000000000,2.169600000000
1432701779,236.990000000000,5.000000000000
1432701779,236.990000000000,2.830400000000
1432701780,237.000000000000,8.484500000000
1432701780,237.000000000000,7.551800000000
1432701780,237.000000000000,6.569300000000
1432701781,237.000000000000,8.427800000000
1432701781,237.000000000000,8.119600000000
1432701782,237.000000000000,7.664700000000
1432701782,237.000000000000,3.182300000000
1432701783,237.000000000000,7.483900000000
1432701783,237.000000000000,4.825600000000
1432701838,237.000000000000,7.689600000000
1432701839,237.000000000000,0.000900000000
1432703833,237.350000000000,2.079600000000
1432704405,237.350000000000,1.000000000000
1432709039,237.020000000000,1.662200000000
1432711374,237.010000000000,0.250000000000
1432711408,237.020000000000,1.280000000000
1432713851,237.050000000000,8.623800000000
1432723704,236.610000000000,0.084400000000
1432726695,236.780000000000,0.085000000000
1432726926,236.770000000000,5.000000000000
1432734388,236.500000000000,96.000000000000
1432734496,236.480000000000,7.966100000000
1432734496,236.500000000000,1.000000000000
1432734513,236.480000000000,0.033900000000
1432735416,236.590000000000,0.966100000000
1432735417,236.590000000000,0.033900000000
1432735721,236.590000000000,0.966100000000
1432737157,236.570000000000,1.120000000000
1432737556,236.350000000000,23.537000000000
1432737564,236.350000000000,1.463000000000
1432737564,236.360000000000,5.000000000000
1432737576,236.350000000000,5.000000000000
1432737580,236.020000000000,5.000000000000
1432737584,235.890000000000,5.000000000000
1432737589,236.200000000000,5.000000000000
1432737593,236.210000000000,5.000000000000
1432737598,236.220000000000,5.000000000000
1432737602,236.260000000000,0.850000000000
1432737610,236.260000000000,0.400000000000
1432737771,236.410000000000,5.000000000000
1432737809,236.410000000000,0.050000000000
1432737833,236.410000000000,2.020000000000
1432737869,236.450000000000,5.000000000000
1432737874,236.300000000000,5.000000000000
1432737878,236.330000000000,5.000000000000
1432737882,236.370000000000,5.000000000000
1432737919,236.240000000000,5.000000000000
1432737925,236.130000000000,5.000000000000
1432737942,236.260000000000,5.000000000000
1432737949,236.260000000000,5.000000000000
1432737953,236.130000000000,5.000000000000
1432737957,236.310000000000,5.000000000000
1432738059,235.800000000000,0.050000000000
1432739106,236.000000000000,50.000000000000
1432739106,236.050000000000,5.000000000000
1432740639,235.800000000000,2.750000000000
1432740726,235.760000000000,5.000000000000
1432740726,235.760000000000,1.325100000000
1432740726,235.760000000000,5.000000000000
1432740726,235.820000000000,5.000000000000
1432740726,235.760000000000,3.674900000000
1432740726,235.760000000000,5.000000000000
1432740727,235.750000000000,0.250000000000
1432740727,235.700000000000,0.100000000000
1432740727,235.760000000000,5.000000000000
1432740727,235.750000000000,0.100000000000
1432740729,235.620000000000,23.705000000000
1432740730,235.500000000000,22.642800000000
1432740730,235.620000000000,1.295000000000
1432740730,235.600000000000,0.582400000000
1432740744,235.570000000000,4.010000000000
1432740760,235.500000000000,23.324900000000
1432740761,235.500000000000,23.068700000000
1432740763,235.520000000000,1.500000000000
1432740763,235.500000000000,22.611700000000
1432740774,235.660000000000,0.370000000000
1432740780,235.500000000000,4.351900000000
1432740787,235.490000000000,0.780000000000
1432740817,235.050000000000,5.000000000000
1432740818,235.030000000000,2.801600000000
1432740820,234.960000000000,5.000000000000
1432740826,235.340000000000,0.970000000000
1432740844,235.340000000000,5.000000000000
1432740862,235.230000000000,5.000000000000
1432740866,235.210000000000,5.000000000000
1432740870,235.510000000000,5.000000000000
1432741068,235.450000000000,5.000000000000
1432741069,235.440000000000,5.000000000000
1432741074,235.500000000000,5.000000000000
1432741078,235.520000000000,0.010000000000
1432741681,235.000000000000,1.000000000000
1432741686,235.000000000000,1.000000000000
1432741690,235.000000000000,1.000000000000
1432741708,235.000000000000,1.000000000000
1432741712,235.000000000000,1.000000000000
1432741715,235.000000000000,1.000000000000
1432741720,235.000000000000,4994.000000000000
1432743801,236.060000000000,10.087900000000
1432743801,236.060000000000,11.036200000000
1432743801,236.060000000000,10.174900000000
1432743802,236.060000000000,10.401800000000
1432743802,236.060000000000,10.903200000000
1432743802,236.060000000000,9.818600000000
1432745521,236.060000000000,25.000000000000
1432745841,236.060000000000,9.780500000000
1432745841,236.060000000000,2.796900000000
1432745842,236.100000000000,0.484300000000
1432746153,235.890000000000,9.036000000000
1432746153,235.560000000000,1.735900000000
1432746153,235.560000000000,29.228100000000
1432746168,236.220000000000,0.010000000000
1432748922,236.500000000000,52.000000000000
1432748935,236.500000000000,0.500000000000
1432750071,236.000000000000,23.860600000000
1432750074,236.000000000000,22.459300000000
1432750075,236.000000000000,6.180100000000
1432750094,235.810000000000,5.000000000000
1432750094,235.810000000000,5.000000000000
1432750094,235.810000000000,5.000000000000
1432750094,235.810000000000,5.000000000000
1432750685,235.550000000000,8.808400000000
1432750686,235.550000000000,0.191600000000
1432754340,236.000000000000,5.000000000000
1432754354,236.010000000000,2.348500000000
1432755055,235.900000000000,10.000000000000
1432755074,235.900000000000,1.939900000000
1432755101,235.900000000000,1.860200000000
1432755132,235.900000000000,1.939900000000
1432755164,235.900000000000,1.860200000000
1432755186,235.900000000000,21.000000000000
1432755195,235.900000000000,1.939900000000
1432755214,235.900000000000,20.000000000000
1432755224,235.900000000000,0.274400000000
1432756129,235.900000000000,16.904900000000
1432756129,235.900000000000,22.280600000000
1432756298,235.800000000000,5.000000000000
1432757033,235.740000000000,0.010000000000
1432757050,235.730000000000,10.000000000000
1432757146,235.740000000000,0.010000000000
1432757149,235.740000000000,5.487700000000
1432759302,236.140000000000,22.065400000000
1432759375,236.140000000000,8.440900000000
1432759375,236.140000000000,20.489000000000
1432759375,236.140000000000,21.100800000000
1432759375,236.140000000000,20.643900000000
1432761702,236.260000000000,0.200000000000
1432762096,236.140000000000,0.200000000000
1432762140,236.010000000000,0.200000000000
1432762198,235.890000000000,0.010000000000
1432762198,235.880000000000,4.990000000000
1432763051,235.900000000000,11.386800000000
1432763052,235.900000000000,0.000100000000
1432765949,235.930000000000,0.199900000000
1432765949,235.980000000000,0.000100000000
1432767299,236.360000000000,0.200000000000
1432767357,236.050000000000,0.010000000000
1432767474,236.140000000000,0.190000000000
1432767475,236.160000000000,0.190000000000
1432768576,236.570000000000,5.000000000000
1432768576,236.520000000000,0.180000000000
1432768577,236.430000000000,0.200000000000
1432768600,236.260000000000,0.190000000000
1432768600,236.270000000000,0.190000000000
1432770424,236.350000000000,0.180000000000
1432770424,236.420000000000,5.000000000000
1432771679,236.440000000000,0.200000000000
1432771679,236.400000000000,0.200000000000
1432771859,236.320000000000,0.390000000000
1432772489,236.290000000000,0.200000000000
1432772489,236.150000000000,0.010000000000
1432772667,236.150000000000,0.210000000000
1432772668,236.250000000000,0.210000000000
1432772829,236.210000000000,0.200000000000
1432772829,236.380000000000,0.200000000000
1432775660,236.030000000000,0.928000000000
1432775715,236.020000000000,3.999900000000
1432775957,236.130000000000,2.270000000000
1432775957,236.140000000000,0.190000000000
1432775958,236.150000000000,0.200000000000
1432779889,236.770000000000,0.488600000000
1432779889,236.600000000000,10.000000000000
1432779889,236.580000000000,1.455000000000
1432779889,236.680000000000,0.100000000000
1432783729,236.770000000000,5.000000000000
1432783729,236.770000000000,3.004200000000
1432783729,236.770000000000,4.511400000000
1432783729,236.770000000000,5.000000000000
1432783729,236.770000000000,1.995800000000
1432783730,236.770000000000,2.364100000000
1432783730,236.770000000000,2.635900000000
1432784588,236.850000000000,0.190000000000
1432784615,236.840000000000,0.200000000000
1432784632,236.630000000000,1.000000000000
1432784665,236.620000000000,11.696100000000
1432785168,236.650000000000,11.723900000000
1432786469,236.660000000000,1.000000000000
1432786469,236.650000000000,0.276100000000
1432786469,236.690000000000,0.190000000000
1432786470,236.920000000000,0.200000000000
1432787839,237.050000000000,1.442800000000
1432787845,237.170000000000,1.000000000000
1432787916,237.320000000000,0.190000000000
1432787917,237.200000000000,0.190000000000
1432788549,236.940000000000,0.180000000000
1432788550,237.020000000000,0.180000000000
1432790464,237.010000000000,0.170000000000
1432790465,236.940000000000,0.170000000000
1432792529,236.730000000000,0.160000000000
1432792529,236.670000000000,0.160000000000
1432792698,237.100000000000,0.150000000000
1432792699,237.000000000000,0.150000000000
1432794039,236.900000000000,0.140000000000
1432794039,236.990000000000,1.000000000000
1432794040,237.100000000000,0.140000000000
1432794151,237.220000000000,0.130000000000
1432794151,236.980000000000,0.130000000000
1432794339,236.920000000000,0.120000000000
1432794339,236.740000000000,0.120000000000
1432794499,237.190000000000,0.110000000000
1432794500,236.940000000000,0.110000000000
1432794679,236.860000000000,0.100000000000
1432794679,236.750000000000,0.100000000000
1432794754,237.140000000000,0.090000000000
1432794755,236.950000000000,0.090000000000
1432794984,236.880000000000,0.080000000000
1432794985,236.880000000000,0.080000000000
1432798381,236.830000000000,0.100000000000
1432799607,236.570000000000,20.034800000000
1432799607,236.580000000000,1.000000000000
1432799607,236.620000000000,0.230000000000
1432799608,236.570000000000,4.965200000000
1432800452,236.260000000000,1.000000000000
1432800452,236.360000000000,2.412200000000
1432800452,236.360000000000,21.587800000000
1432800452,236.240000000000,5.000000000000
1432800514,236.170000000000,10.000000000000
1432801237,236.040000000000,0.100000000000
1432801950,236.010000000000,10.945400000000
1432801950,236.020000000000,10.000000000000
1432801951,236.010000000000,15.054600000000
1432801951,235.930000000000,20.645300000000
1432801951,235.930000000000,4.354700000000
1432801951,236.000000000000,1.000000000000
1432803056,235.980000000000,0.230000000000
1432803243,235.840000000000,1.000000000000
1432804616,236.010000000000,0.230000000000
1432804616,236.010000000000,0.230000000000
1432807492,235.950000000000,0.230000000000
1432807493,235.840000000000,12.000000000000
1432809523,236.200000000000,2.000000000000
1432809523,236.200000000000,2.000000000000
1432809523,236.200000000000,2.000000000000
1432809524,236.200000000000,2.000000000000
1432809524,236.200000000000,2.000000000000
1432809524,236.200000000000,2.000000000000
1432809524,236.200000000000,2.000000000000
1432809524,236.200000000000,2.000000000000
1432809524,236.200000000000,2.000000000000
1432809525,236.200000000000,1.383600000000
1432809525,236.200000000000,2.000000000000
1432809525,236.200000000000,2.000000000000
1432809526,236.200000000000,2.000000000000
1432809526,236.200000000000,0.616400000000
1432809526,236.200000000000,2.000000000000
1432809526,236.200000000000,2.000000000000
1432809526,236.200000000000,2.000000000000
1432809527,236.200000000000,2.000000000000
1432809527,236.200000000000,2.000000000000
1432809527,236.200000000000,2.000000000000
1432809527,236.200000000000,2.000000000000
1432809527,236.200000000000,2.000000000000
1432809527,236.200000000000,2.000000000000
1432809528,236.200000000000,1.480400000000
1432809702,236.200000000000,0.519600000000
1432809702,236.200000000000,0.406200000000
1432810995,236.460000000000,10.000000000000
1432813614,236.240000000000,23.069000000000
1432818365,236.530000000000,1.000000000000
1432819734,236.470000000000,23.108400000000
1432819735,236.470000000000,0.891600000000
1432819756,236.460000000000,23.248400000000
1432819782,236.460000000000,1.751600000000
1432819782,236.210000000000,3.248400000000
1432819782,236.210000000000,1.751600000000
1432819783,236.200000000000,0.345400000000
1432819783,236.180000000000,1.440000000000
1432819783,236.200000000000,1.593800000000
1432819783,236.200000000000,1.654600000000
1432819784,236.180000000000,1.440000000000
1432819784,236.180000000000,1.440000000000
1432819784,236.180000000000,0.334600000000
1432819785,236.180000000000,1.105400000000
1432819785,236.180000000000,1.014600000000
1432819785,236.180000000000,1.440000000000
1432819785,236.180000000000,1.440000000000
1432819786,236.180000000000,1.440000000000
1432819786,236.180000000000,1.440000000000
1432819786,236.180000000000,0.425400000000
1432819787,236.180000000000,1.440000000000
1432819787,236.180000000000,0.254600000000
1432819802,236.620000000000,23.173100000000
1432819803,236.620000000000,1.826900000000
1432825941,236.500000000000,10.000000000000
1432825947,236.500000000000,10.000000000000
1432825953,236.500000000000,9.999000000000
1432825971,236.440000000000,8.826200000000
1432825972,236.440000000000,0.173800000000
1432826556,236.450000000000,9.049300000000
1432826990,236.390000000000,5.000000000000
1432827011,236.350000000000,0.200000000000
1432827535,236.350000000000,4.800000000000
1432827876,236.350000000000,0.200000000000
1432827876,236.450000000000,0.950700000000
1432828659,236.450000000000,0.349300000000
1432829104,236.180000000000,1.185400000000
1432829104,236.200000000000,10.000000000000
1432829104,236.290000000000,5.000000000000
1432829104,236.180000000000,1.440000000000
1432829104,236.180000000000,1.440000000000
1432829105,236.180000000000,1.440000000000
1432829105,236.180000000000,0.514700000000
1432829105,236.180000000000,1.440000000000
1432829105,236.180000000000,1.440000000000
1432830065,236.480000000000,2.646300000000
1432830065,236.480000000000,23.714600000000
1432830065,236.480000000000,23.639100000000
1432830065,236.180000000000,0.925300000000
1432830066,236.180000000000,1.440000000000
1432830066,236.180000000000,1.440000000000
1432830066,236.180000000000,1.440000000000
1432830066,236.180000000000,1.440000000000
1432830066,236.180000000000,1.440000000000
1432830066,236.180000000000,1.440000000000
1432830066,236.180000000000,1.440000000000
1432830067,236.180000000000,1.440000000000
1432830067,236.180000000000,1.440000000000
1432830067,236.180000000000,1.440000000000
1432830067,236.180000000000,1.440000000000
1432830067,236.180000000000,1.440000000000
1432830067,236.180000000000,1.440000000000
1432830067,236.180000000000,1.440000000000
1432830068,236.180000000000,0.438700000000
1432830068,236.180000000000,1.440000000000
1432830654,236.480000000000,0.423000000000
1432830654,236.480000000000,1.491000000000
1432830654,236.340000000000,1.331000000000
1432830655,236.490000000000,21.755000000000
1432830914,236.260000000000,0.588000000000
1432830914,236.200000000000,1.507000000000
1432830914,236.270000000000,7.905000000000
1432831140,236.180000000000,1.001300000000
1432831141,236.160000000000,9.520300000000
1432831141,236.150000000000,7.998400000000
1432831141,236.180000000000,1.440000000000
1432831141,236.180000000000,1.040000000000
1432831201,236.150000000000,2.001600000000
1432833197,236.010000000000,10.000000000000
1432833197,236.080000000000,9.079700000000
1432833197,236.000000000000,5.000000000000
1432833197,236.000000000000,0.920300000000
1432833198,236.090000000000,2.998400000000
1432833308,236.250000000000,5.000000000000
1432833318,236.250000000000,0.333300000000
1432833327,236.250000000000,4.666700000000
1432833542,236.300000000000,9.658900000000
1432833556,236.250000000000,5.000000000000
1432833816,236.250000000000,0.333300000000
1432833910,236.250000000000,0.166700000000
1432833910,236.300000000000,0.341100000000
1432833984,236.300000000000,0.010000000000
1432833988,236.300000000000,0.010000000000
1432834233,236.440000000000,21.857200000000
1432836232,236.450000000000,8.824800000000
1432836246,236.440000000000,0.142800000000
1432836261,236.300000000000,0.472200000000
1432838024,236.300000000000,0.027800000000
1432838082,236.430000000000,8.870300000000
1432838083,236.430000000000,1.129700000000
1432838083,236.450000000000,1.175200000000
1432838083,236.490000000000,8.642400000000
1432838083,236.460000000000,7.376300000000
1432838083,236.440000000000,4.857200000000
1432838083,236.460000000000,2.623700000000
1432838084,236.490000000000,8.717700000000
1432838084,236.490000000000,1.441100000000
1432838084,236.490000000000,9.443800000000
1432838486,236.600000000000,5.000000000000
1432840906,236.360000000000,8.135200000000
1432840926,236.300000000000,1.277000000000
1432841564,236.360000000000,2.000000000000
1432842268,236.360000000000,25.000000000000
1432842281,236.360000000000,0.250000000000
1432842287,236.360000000000,0.500000000000
1432842292,236.360000000000,25.000000000000
1432842296,236.360000000000,9.275100000000
1432842394,236.360000000000,0.724900000000
1432843578,236.330000000000,1.000000000000
1432843578,236.300000000000,8.838200000000
1432843578,236.300000000000,0.161800000000
1432843611,236.360000000000,0.275000000000
1432843611,236.360000000000,0.497000000000
1432843632,236.450000000000,1.224000000000
1432843645,236.450000000000,0.026000000000
1432843646,236.360000000000,0.228000000000
1432843646,236.340000000000,7.424100000000
1432843667,236.320000000000,7.417800000000
1432843688,236.300000000000,50.000000000000
1432844113,236.250000000000,10.000000000000
1432844491,236.310000000000,0.470000000000
1432844491,236.310000000000,1.353000000000
1432844492,236.340000000000,2.321900000000
1432844492,236.320000000000,2.582200000000
1432844493,236.350000000000,1.315000000000
1432844530,236.390000000000,0.764000000000
1432844535,236.390000000000,0.236000000000
1432844619,236.350000000000,11.957900000000
1432844646,236.290000000000,23.479000000000
1432844646,236.280000000000,0.667000000000
1432844744,236.290000000000,0.854000000000
1432844744,236.150000000000,5.000000000000
1432844744,236.230000000000,7.880800000000
1432844769,236.150000000000,0.666700000000
1432844778,236.150000000000,0.598500000000
1432844791,236.170000000000,1.364000000000
1432845202,236.310000000000,1.000000000000
1432845946,236.310000000000,0.179000000000
1432845946,236.390000000000,0.711000000000
1432845947,236.400000000000,24.110000000000
1432845960,236.310000000000,1.191000000000
1432845960,236.400000000000,23.809000000000
1432845975,236.310000000000,1.314000000000
1432845975,236.390000000000,0.542000000000
1432845975,236.400000000000,8.144000000000
1432846076,236.310000000000,0.423100000000
1432846117,236.310000000000,0.762900000000
1432846158,236.310000000000,0.237100000000
1432846310,236.170000000000,0.136000000000
1432846310,236.140000000000,8.571000000000
1432846353,236.130000000000,0.500000000000
1432846436,236.140000000000,1.293000000000
1432846436,236.170000000000,0.785100000000
1432846436,236.130000000000,0.039000000000
1432846533,236.090000000000,0.493000000000
1432846533,236.030000000000,1.453000000000
1432846600,236.000000000000,25.000000000000
1432846600,236.090000000000,0.054000000000
1432846628,236.000000000000,24.946000000000
1432846661,236.310000000000,1.523000000000
1432846661,236.310000000000,0.762900000000
1432846661,236.300000000000,0.528000000000
1432846726,236.340000000000,0.620000000000
1432846726,236.320000000000,1.449000000000
1432846727,236.350000000000,19.086000000000
1432846779,236.320000000000,1.518000000000
1432846780,236.390000000000,0.482000000000
1432846870,236.310000000000,2.186100000000
1432846976,236.000000000000,0.054000000000
1432847009,235.960000000000,7.945400000000
1432847010,236.000000000000,0.946000000000
1432847010,235.960000000000,0.054600000000
1432847035,236.000000000000,0.197100000000
1432847035,236.000000000000,7.302900000000
1432847274,236.150000000000,8.385200000000
1432847294,236.000000000000,1.000000000000
1432847312,236.000000000000,0.614800000000
1432847685,236.380000000000,1.260000000000
1432847685,236.390000000000,1.619000000000
1432847686,236.390000000000,24.450700000000
1432847686,236.390000000000,2.670300000000
1432847702,236.390000000000,1.715000000000
1432847702,236.390000000000,1.241000000000
1432847917,236.210000000000,8.502500000000
1432849228,236.110000000000,6.000000000000
1432849228,236.100000000000,49.000000000000
1432849242,236.090000000000,0.167500000000
1432849242,236.090000000000,8.832500000000
1432849242,236.210000000000,1.497500000000
1432849242,236.100000000000,1.000000000000
1432849282,236.460000000000,23.386900000000
1432849282,236.400000000000,43.937000000000
1432849295,236.460000000000,7.676100000000
1432849398,236.430000000000,200.000000000000
1432849434,236.430000000000,200.000000000000
1432849449,236.430000000000,200.000000000000
1432849465,236.430000000000,200.000000000000
1432849483,236.430000000000,200.000000000000
1432849629,236.450000000000,42.323900000000
1432849660,236.450000000000,7.676100000000
1432850033,236.450000000000,0.323900000000
1432850063,236.500000000000,20.000000000000
1432850063,236.550000000000,10.000000000000
1432850063,236.600000000000,20.000000000000
1432850387,236.450000000000,0.099200000000
1432850387,236.370000000000,8.865500000000
1432850728,236.370000000000,1.000000000000
1432851194,236.100000000000,1.000000000000
1432851194,235.990000000000,25.000000000000
1432851194,236.200000000000,7.689700000000
1432851195,235.950000000000,8.223200000000
1432851195,235.950000000000,8.222700000000
1432851195,235.950000000000,8.663100000000
1432851195,235.950000000000,1.000000000000
1432851195,235.950000000000,8.399900000000
1432851196,235.950000000000,7.367400000000
1432851196,235.950000000000,8.302000000000
1432851196,235.950000000000,8.053100000000
1432851197,235.950000000000,8.153500000000
1432851197,235.950000000000,7.827700000000
1432851198,235.950000000000,8.048800000000
1432851198,235.950000000000,7.344800000000
1432851199,235.950000000000,8.219700000000
1432851199,235.950000000000,8.178000000000
1432851200,235.950000000000,8.649300000000
1432851200,235.950000000000,8.360600000000
1432852109,235.950000000000,7.731200000000
1432852110,235.950000000000,7.458700000000
1432852111,235.950000000000,7.710200000000
1432852111,235.950000000000,8.423400000000
1432852112,235.950000000000,3.470600000000
1432852112,235.950000000000,8.502400000000
1432853060,236.050000000000,2.000000000000
1432853704,236.260000000000,24.651600000000
1432853875,236.260000000000,0.174500000000
1432854010,236.260000000000,0.173900000000
1432854154,236.050000000000,24.224000000000
1432859422,236.240000000000,23.921100000000
1432859422,236.240000000000,0.200000000000
1432859423,236.240000000000,0.500000000000
1432859423,236.240000000000,21.078900000000
1432859757,236.110000000000,1.541000000000
1432859758,236.120000000000,1.624000000000
1432859759,236.250000000000,1.699000000000
1432859759,236.240000000000,1.434000000000
1432859759,236.250000000000,5.000000000000
1432859759,236.250000000000,1.050200000000
1432865571,236.240000000000,3.225300000000
1432867034,236.240000000000,1.774700000000
1432867035,236.240000000000,0.500000000000
1432867035,236.150000000000,1.000000000000
1432867035,236.050000000000,19.738500000000
1432867035,236.050000000000,0.776000000000
1432869243,236.240000000000,5.000000000000
1432869243,236.240000000000,0.500000000000
1432869244,236.050000000000,5.261500000000
1432869244,236.010000000000,49.238500000000
1432871972,236.240000000000,0.957800000000
1432871972,236.240000000000,0.500000000000
1432871972,236.240000000000,4.000000000000
1432871973,236.020000000000,22.766400000000
1432871974,236.130000000000,0.500000000000
1432873413,236.240000000000,0.440000000000
1432875379,236.250000000000,3.949800000000
1432875379,236.250000000000,0.124600000000
1432875379,236.250000000000,1.134100000000
1432875379,236.250000000000,5.000000000000
1432875380,236.250000000000,5.000000000000
1432875380,236.250000000000,3.865900000000
1432876777,236.400000000000,1.841000000000
1432876777,236.370000000000,0.035300000000
1432876778,236.420000000000,1.406000000000
1432880148,236.120000000000,1.753000000000
1432880766,236.040000000000,22.447200000000
1432880767,236.020000000000,2.233600000000
1432880767,236.040000000000,4.552800000000
1432880768,235.990000000000,5.000000000000
1432880768,235.990000000000,5.000000000000
1432880768,236.000000000000,1.000000000000
1432880768,236.010000000000,0.761500000000
1432880768,235.990000000000,4.246900000000
1432881766,235.990000000000,5.000000000000
1432881766,235.990000000000,0.753100000000
1432881766,235.990000000000,5.000000000000
1432881766,235.750000000000,11.931000000000
1432881766,235.930000000000,0.500000000000
1432881933,235.710000000000,0.200000000000
1432881933,235.750000000000,13.069000000000
1432881934,235.650000000000,16.424500000000
1432881934,235.650000000000,8.575500000000
1432881934,235.510000000000,1.000000000000
1432881935,235.500000000000,20.203200000000
1432881935,235.500000000000,21.845500000000
1432883236,235.500000000000,20.399800000000
1432883236,235.500000000000,19.436000000000
1432883237,235.500000000000,18.115500000000
1432883882,235.300000000000,0.678200000000
1432886433,235.420000000000,1.637000000000
1432886433,235.450000000000,1.004000000000
1432886433,235.280000000000,1.844000000000
1432886433,235.140000000000,1.898000000000
1432886504,235.850000000000,0.098600000000
1432886504,235.840000000000,1.773000000000
1432886505,235.980000000000,1.683000000000
1432886512,235.990000000000,1.004000000000
1432886513,236.000000000000,11.703200000000
1432886513,236.000000000000,12.570600000000
1432888897,235.500000000000,24.273800000000
1432889292,235.290000000000,1.745000000000
1432889589,235.500000000000,12.272600000000
1432889590,235.500000000000,12.051000000000
1432889590,235.500000000000,11.559300000000
1432889590,235.500000000000,11.669100000000
1432890165,235.500000000000,10.671100000000
1432890166,235.500000000000,11.276200000000
1432890166,235.500000000000,6.226900000000
1432901441,235.710000000000,1.851000000000
1432901442,235.880000000000,1.068000000000
1432901442,235.850000000000,1.759000000000
1432901443,236.000000000000,7.581900000000
1432901443,235.990000000000,1.834000000000
1432902043,235.880000000000,0.554000000000
1432902043,236.000000000000,10.892900000000
1432902043,235.880000000000,10.446000000000
1432902044,236.000000000000,10.638000000000
1432902044,236.000000000000,10.603700000000
1432902044,236.000000000000,10.689700000000
1432902044,236.000000000000,10.182900000000
1432902045,236.000000000000,10.524500000000
1432902045,236.000000000000,10.843800000000
1432902045,236.000000000000,9.296700000000
1432902083,235.990000000000,8.977700000000
1432903069,236.000000000000,9.740400000000
1432903069,236.000000000000,10.044400000000
1432903069,235.990000000000,0.022300000000
1432903070,236.000000000000,9.430800000000
1432903180,235.990000000000,9.218700000000
1432903204,235.910000000000,8.024500000000
1432903274,235.850000000000,8.035700000000
1432903614,235.850000000000,1.964300000000
1432903635,235.910000000000,1.975500000000
1432903782,236.000000000000,25.000000000000
1432903920,235.990000000000,10.000000000000
1432903927,235.990000000000,190.000000000000
1432903940,235.990000000000,10.000000000000
1432903947,235.990000000000,190.000000000000
1432904078,235.990000000000,200.000000000000
1432904093,235.990000000000,200.000000000000
1432904613,235.800000000000,25.000000000000
1432905441,235.780000000000,8.338700000000
1432905659,235.800000000000,5.000000000000
1432905659,235.780000000000,1.661300000000
1432906063,235.700000000000,8.568300000000
1432906063,235.800000000000,1.720000000000
1432906063,235.710000000000,1.364000000000
1432906064,235.670000000000,5.000000000000
1432906064,235.660000000000,1.896000000000
1432906064,235.670000000000,5.000000000000
1432906064,235.530000000000,0.791700000000
1432906225,236.040000000000,23.904100000000
1432906225,235.990000000000,0.200000000000
1432911544,235.530000000000,5.000000000000
1432911544,235.530000000000,4.208300000000
1432911544,235.590000000000,7.854400000000
1432911545,235.530000000000,5.000000000000
1432911545,235.500000000000,17.937300000000
1432913948,235.610000000000,7.727600000000
1432918094,235.610000000000,0.272400000000
1432918099,235.880000000000,15.000000000000
1432918099,235.750000000000,5.000000000000
1432918181,235.910000000000,3.965000000000
1432919066,235.620000000000,1.768000000000
1432919066,235.860000000000,1.039000000000
1432919066,235.760000000000,1.839000000000
1432919067,235.870000000000,0.354000000000
1432920582,235.760000000000,1.860000000000
1432925116,235.850000000000,1.000000000000
1432925116,235.850000000000,5.000000000000
1432925117,236.010000000000,1.757300000000
1432927679,235.880000000000,0.300000000000
1432928129,235.800000000000,1.608000000000
1432930004,236.000000000000,0.318900000000
1432930526,236.010000000000,8.000000000000
1432931685,236.000000000000,23.285300000000
1432931685,236.000000000000,24.352000000000
1432931685,236.000000000000,23.325700000000
1432931686,236.000000000000,24.336600000000
1432933058,236.010000000000,0.242700000000
1432933058,236.100000000000,1.075500000000
1432937119,236.000000000000,1.000000000000
1432937119,236.000000000000,4.381500000000
1432941714,235.720000000000,1.000000000000
1432941714,235.750000000000,1.000000000000
1432941714,235.510000000000,5.000000000000
1432941715,235.500000000000,18.950700000000
1432941721,235.590000000000,1.000000000000
1432948654,235.800000000000,1.318200000000
1432948654,235.750000000000,1.000000000000
1432949874,235.580000000000,1.000000000000
1432950801,235.500000000000,24.011500000000
1432950801,235.500000000000,24.124600000000
1432950802,235.500000000000,12.288700000000
1432950802,235.500000000000,1.000000000000
1432950802,235.500000000000,23.505200000000
1432950802,235.500000000000,24.651700000000
1432952884,235.500000000000,1.000000000000
1432955193,235.400000000000,1.000000000000
1432955194,235.250000000000,1.000000000000
1432955195,235.170000000000,0.803500000000
1432955287,235.130000000000,0.736000000000
1432955376,235.090000000000,1.000000000000
1432955376,235.000000000000,13.524400000000
1432955376,235.130000000000,9.264000000000
1432955378,235.000000000000,6.475600000000
1432955379,235.000000000000,1.000000000000
1432967840,235.340000000000,1.802000000000
1432978455,234.700000000000,1.000000000000
1432978455,234.710000000000,1.000000000000
1432978455,234.700000000000,2.415300000000
1432978457,234.200000000000,1.000000000000
1432978457,234.420000000000,2.364300000000
1432978462,234.000000000000,2.000000000000
1432978472,233.220000000000,5.000000000000
1432978474,233.040000000000,5.000000000000
1432978476,232.890000000000,1.667000000000
1432978476,233.020000000000,1.560000000000
1432978477,233.150000000000,1.882000000000
1432978479,233.790000000000,5.000000000000
1432978482,234.040000000000,1.758000000000
1432978483,234.090000000000,1.869000000000
1432978484,234.130000000000,1.589000000000
1432978503,233.020000000000,1.904000000000
1432978504,232.890000000000,1.704000000000
1432978504,233.990000000000,0.719000000000
1432978504,234.220000000000,4.194000000000
1432978505,234.230000000000,0.087000000000
1432978505,232.760000000000,1.634000000000
1432978505,232.620000000000,1.686000000000
1432978506,232.340000000000,1.598000000000
1432978506,232.480000000000,1.833000000000
1432978508,232.060000000000,1.894000000000
1432978508,232.200000000000,1.742000000000
1432978510,231.830000000000,0.601100000000
1432978510,231.820000000000,10.000000000000
1432978510,231.920000000000,1.891000000000
1432978510,231.660000000000,5.000000000000
1432978513,231.760000000000,5.000000000000
1432978515,231.170000000000,5.000000000000
1432978518,230.980000000000,5.000000000000
1432978520,230.660000000000,0.665000000000
1432978521,233.120000000000,1.717000000000
1432978521,233.390000000000,1.855000000000
1432978521,233.250000000000,1.776000000000
1432978522,233.670000000000,1.806000000000
1432978522,233.530000000000,1.636000000000
1432978523,233.800000000000,4.010000000000
1432978537,233.670000000000,1.650000000000
1432978537,233.730000000000,0.656000000000
1432978540,233.780000000000,1.218000000000
1432978540,233.810000000000,0.832000000000
1432978547,231.870000000000,5.000000000000
1432978548,231.860000000000,4.256000000000
1432978548,231.860000000000,0.853000000000
1432978555,232.990000000000,1.634000000000
1432978555,233.250000000000,1.693000000000
1432978555,233.120000000000,1.913000000000
1432978556,233.390000000000,1.720000000000
1432978556,233.530000000000,1.919000000000
1432978562,231.520000000000,5.000000000000
1432978564,233.250000000000,4.201000000000
1432978564,233.040000000000,0.545000000000
1432978564,232.860000000000,1.726000000000
1432978566,233.640000000000,5.000000000000
1432978568,233.210000000000,1.745000000000
1432978570,231.520000000000,0.551000000000
1432978571,231.000000000000,1.623000000000
1432978571,231.490000000000,8.828900000000
1432978571,231.520000000000,1.738000000000
1432978571,231.260000000000,1.789000000000
1432978571,231.390000000000,1.587000000000
1432978571,231.130000000000,1.800000000000
1432978572,230.980000000000,1.579000000000
1432978573,230.980000000000,1.726000000000
1432978574,230.980000000000,5.000000000000
1432978576,233.250000000000,1.844000000000
1432978576,233.120000000000,1.906000000000
1432978577,233.310000000000,1.885000000000
1432978578,232.880000000000,0.711000000000
1432978579,233.200000000000,1.802000000000
1432978588,232.990000000000,1.615000000000
1432978682,232.660000000000,2.424400000000
1432979198,231.430000000000,1.847000000000
1432979198,231.300000000000,1.721000000000
1432979198,231.170000000000,1.661000000000
1432979199,231.460000000000,1.022000000000
1432979214,231.210000000000,1.356000000000
1432979214,231.330000000000,1.756000000000
1432979215,231.430000000000,1.809000000000
1432979216,231.460000000000,1.840000000000
1432979298,231.300000000000,1.849000000000
1432979333,231.720000000000,0.981000000000
1432979333,231.690000000000,1.757000000000
1432981622,231.890000000000,1.656000000000
1432981936,232.020000000000,1.646000000000
1432981936,231.890000000000,1.713000000000
1432981939,231.890000000000,1.727000000000
1432982670,231.890000000000,1.679000000000
1432987731,232.260000000000,10.100000000000
1432987732,232.260000000000,0.100000000000
1432989668,231.890000000000,22.592100000000
1432990386,231.900000000000,200.000000000000
1432990398,231.900000000000,200.000000000000
1432990408,231.900000000000,200.000000000000
1432990420,231.900000000000,200.000000000000
1432990449,231.900000000000,200.000000000000
1432990592,231.830000000000,9.568100000000
1432990592,231.890000000000,2.407900000000
1432990593,231.610000000000,1.697000000000
1432990593,231.620000000000,4.250000000000
1432990593,231.480000000000,1.923000000000
1432990593,231.350000000000,1.758000000000
1432990594,231.350000000000,29.405500000000
1432990594,231.080000000000,1.889000000000
1432990594,231.220000000000,1.847000000000
1432990595,231.000000000000,27.822300000000
1432990595,231.000000000000,9.543300000000
1432990595,231.000000000000,10.133100000000
1432990595,231.000000000000,27.773600000000
1432990595,231.000000000000,26.384300000000
1432990595,231.000000000000,9.921800000000
1432990595,231.000000000000,55.752400000000
1432990596,231.000000000000,24.165400000000
1432990596,231.000000000000,8.349400000000
1432990596,231.000000000000,5.092300000000
1432990596,231.000000000000,24.549500000000
1432990596,231.000000000000,8.215800000000
1432990596,231.000000000000,7.551300000000
1432990710,231.220000000000,1.106000000000
1432990711,231.210000000000,4.277000000000
1432990711,231.140000000000,8.099600000000
1432990711,231.070000000000,1.741000000000
1432990711,231.200000000000,1.587000000000
1432990712,231.000000000000,7.882600000000
1432990712,231.000000000000,7.706800000000
1432990712,231.000000000000,7.567000000000
1432990712,231.000000000000,8.119900000000
1432990712,231.000000000000,8.057200000000
1432990713,231.000000000000,7.950000000000
1432990713,231.000000000000,7.723100000000
1432990713,231.000000000000,7.871800000000
1432990714,231.000000000000,7.604300000000
1432990714,231.000000000000,8.438800000000
1432990715,231.000000000000,7.685700000000
1432990715,231.000000000000,7.488800000000
1432990715,231.000000000000,7.277300000000
1432990716,231.000000000000,7.803200000000
1432990716,231.000000000000,8.483000000000
1432990716,231.000000000000,8.068600000000
1432991033,231.000000000000,1.890000000000
1432991046,231.000000000000,0.060000000000
1432991049,231.000000000000,0.140000000000
1432991057,231.000000000000,1.750000000000
1432991061,231.000000000000,0.620000000000
1432991065,231.000000000000,0.430000000000
1432991076,231.000000000000,2.340000000000
1432991082,231.000000000000,1.650000000000
1432991086,231.000000000000,0.040000000000
1432991087,231.000000000000,7.307300000000
1432991088,231.000000000000,7.278100000000
1432991088,231.000000000000,7.465500000000
1432991089,231.000000000000,7.909000000000
1432991089,231.000000000000,7.672600000000
1432991090,231.000000000000,2.502400000000
1432991090,231.000000000000,8.406400000000
1432991091,231.380000000000,0.020000000000
1432994026,231.590000000000,1.865000000000
1432994026,231.600000000000,4.241000000000
1432994026,231.600000000000,1.125000000000
1432994845,231.390000000000,0.770000000000
1432995181,231.390000000000,0.770000000000
1432995184,231.390000000000,0.030000000000
1432997826,231.200000000000,1.862000000000
1432997827,231.140000000000,1.702000000000
1433001442,231.200000000000,2.000000000000
1433001442,231.070000000000,1.779000000000
1433001442,231.200000000000,1.730000000000
1433001442,231.210000000000,4.277000000000
1433001442,231.210000000000,1.505000000000
1433001482,231.190000000000,1.175000000000
1433001782,231.410000000000,1.793000000000
1433001782,231.190000000000,22.640400000000
1433001782,231.280000000000,1.881000000000
1433001783,231.410000000000,3.685600000000
1433004110,230.920000000000,1.620000000000
1433004110,230.840000000000,1.212000000000
1433004111,230.790000000000,1.897000000000
1433004111,230.830000000000,0.498000000000
1433004114,230.750000000000,1.000000000000
1433004114,230.840000000000,5.000000000000
1433004115,230.710000000000,0.800000000000
1433004115,230.710000000000,0.800000000000
1433004116,230.740000000000,0.800000000000
1433004117,230.740000000000,0.800000000000
1433004118,230.740000000000,5.000000000000
1433004121,230.790000000000,5.000000000000
1433004128,230.700000000000,5.000000000000
1433004132,230.700000000000,5.000000000000
1433004137,230.760000000000,5.000000000000
1433004143,230.680000000000,2.010000000000
1433004147,230.770000000000,2.760000000000
1433005078,230.440000000000,0.340000000000
1433005081,230.440000000000,0.080000000000
1433005494,230.440000000000,0.100000000000
1433005499,230.440000000000,0.050000000000
1433005555,230.440000000000,0.150000000000
1433006350,230.540000000000,1.060000000000
1433006353,230.540000000000,0.090000000000
1433006533,230.540000000000,0.770000000000
1433008112,230.710000000000,0.770000000000
1433008114,230.710000000000,0.310000000000
1433008153,230.710000000000,0.580000000000
1433009695,230.590000000000,1.190000000000
1433009695,230.660000000000,1.635000000000
1433009696,230.580000000000,0.379400000000
1433012287,231.000000000000,0.141200000000
1433014228,231.200000000000,0.010000000000
1433014514,230.590000000000,2.000000000000
1433020235,231.220000000000,0.050000000000
1433020269,231.200000000000,1.300300000000
1433020272,231.120000000000,0.040000000000
1433020277,231.090000000000,0.040000000000
1433021290,231.220000000000,1.736000000000
1433021290,231.140000000000,1.362000000000
1433021290,231.150000000000,23.937100000000
1433021290,231.090000000000,1.591000000000
1433021291,231.440000000000,10.000000000000
1433021291,231.350000000000,1.822000000000
1433021291,231.480000000000,1.684000000000
1433021292,231.500000000000,23.293600000000
1433021292,231.500000000000,24.621500000000
1433021292,231.500000000000,23.847000000000
1433021292,231.500000000000,12.440500000000
1433021292,231.500000000000,23.665300000000
1433023217,231.330000000000,1.294700000000
1433029167,231.790000000000,5.000000000000
1433029168,231.790000000000,3.152500000000
1433029593,231.790000000000,5.000000000000
1433029593,231.790000000000,1.847500000000
1433032604,231.880000000000,23.404600000000
1433033102,231.900000000000,23.395400000000
1433033102,231.900000000000,23.494700000000
1433033103,231.900000000000,24.146400000000
1433033602,231.900000000000,5.558900000000
1433033602,231.830000000000,1.769000000000
1433033868,231.920000000000,1.801000000000
1433036648,231.790000000000,1.863000000000
1433036649,231.920000000000,1.750000000000
1433036649,232.050000000000,1.737000000000
1433038595,231.920000000000,1.906000000000
1433038595,231.990000000000,1.460000000000
1433041310,231.860000000000,0.240000000000
1433048624,231.660000000000,0.030000000000
1433048699,231.660000000000,0.850000000000
1433048701,231.660000000000,0.750000000000
1433048704,231.790000000000,0.300000000000
1433049294,231.540000000000,5.000000000000
1433049295,231.490000000000,23.685800000000
1433060009,232.110000000000,0.060100000000
1433060009,232.180000000000,1.895000000000
1433065311,231.830000000000,1.727000000000
1433065313,231.800000000000,1.669000000000
1433066499,231.490000000000,1.314200000000
1433066500,231.380000000000,0.188200000000
1433066873,231.150000000000,0.188400000000
1433070101,230.920000000000,0.188600000000
1433071746,230.680000000000,0.188800000000
1433071750,230.750000000000,1.845000000000
1433071750,230.780000000000,1.172000000000
1433071751,230.740000000000,4.261000000000
1433071757,230.220000000000,1.758000000000
1433071757,230.450000000000,0.188900000000
1433071757,230.220000000000,0.189100000000
1433071757,230.220000000000,0.010000000000
1433071758,230.200000000000,0.010000000000
1433071758,230.200000000000,0.010000000000
1433071920,230.390000000000,1.170600000000
1433072020,230.180000000000,0.010000000000
1433072045,230.000000000000,24.145100000000
1433072046,230.000000000000,11.164800000000
1433072046,230.000000000000,0.030000000000
1433072046,230.000000000000,0.250000000000
1433072047,229.990000000000,0.189300000000
1433072047,229.720000000000,4.296000000000
1433072047,229.870000000000,3.211000000000
1433072047,229.760000000000,0.189500000000
1433072078,229.580000000000,1.801000000000
1433072099,229.580000000000,2.174600000000
1433073482,230.100000000000,8.910300000000
1433073483,230.100000000000,8.257200000000
1433073675,230.100000000000,9.103300000000
1433073676,230.100000000000,8.234300000000
1433073676,230.100000000000,8.624600000000
1433073676,230.100000000000,8.415000000000
1433073677,230.100000000000,7.796900000000
1433073677,230.100000000000,8.522700000000
1433073678,230.100000000000,8.490900000000
1433073678,230.100000000000,7.680700000000
1433073679,230.100000000000,8.315200000000
1433073679,230.100000000000,7.614100000000
1433073679,230.100000000000,7.282100000000
1433073679,230.100000000000,8.687800000000
1433073680,230.100000000000,7.469800000000
1433073680,230.100000000000,7.917000000000
1433073680,230.100000000000,8.427800000000
1433073681,230.100000000000,7.362200000000
1433073681,230.100000000000,8.686000000000
1433073682,230.100000000000,8.156800000000
1433073682,230.100000000000,8.558200000000
1433073683,230.100000000000,8.612700000000
1433075402,230.090000000000,1.067000000000
1433077976,230.060000000000,1.860000000000
1433077981,230.040000000000,0.450000000000
1433078043,230.040000000000,5.000000000000
1433078047,230.100000000000,3.130000000000
1433078057,230.100000000000,0.100000000000
1433080535,230.100000000000,7.777800000000
1433080535,230.100000000000,7.853000000000
1433080536,230.100000000000,0.013600000000
1433083528,230.050000000000,3.910000000000
1433083533,230.090000000000,0.750000000000
1433083547,230.090000000000,0.770000000000
1433083552,229.990000000000,5.000000000000
1433083560,230.020000000000,5.000000000000
1433083560,229.890000000000,1.814000000000
1433083561,229.880000000000,1.611000000000
1433083722,229.970000000000,0.480000000000
1433083745,229.970000000000,0.010000000000
1433083784,229.970000000000,0.010000000000
1433083806,229.970000000000,0.010000000000
1433083837,229.780000000000,5.000000000000
1433083841,229.800000000000,0.550000000000
1433083848,229.800000000000,0.100000000000
1433085008,230.210000000000,0.350000000000
1433085016,230.210000000000,0.230000000000
1433085021,230.210000000000,0.030000000000
1433085024,230.210000000000,0.220000000000
1433085044,230.210000000000,5.000000000000
1433085146,230.370000000000,0.010000000000
1433085150,230.370000000000,0.120000000000
1433085154,230.370000000000,0.120000000000
1433085158,230.370000000000,0.140000000000
1433085164,230.370000000000,0.020000000000
1433085171,230.370000000000,0.060000000000
1433085174,230.370000000000,0.210000000000
1433085255,230.350000000000,200.000000000000
1433085257,230.370000000000,0.010000000000
1433085260,230.370000000000,0.070000000000
1433085268,230.350000000000,0.770000000000
1433085273,230.350000000000,199.230000000000
1433085282,230.350000000000,0.770000000000
1433085282,230.360000000000,0.974000000000
1433085285,230.350000000000,1.970000000000
1433085291,230.350000000000,196.286000000000
1433085299,230.350000000000,3.714000000000
1433085301,230.350000000000,1.080000000000
1433085305,230.350000000000,1.430000000000
1433085306,230.350000000000,193.776000000000
1433085309,230.370000000000,0.050000000000
1433085316,230.370000000000,0.010000000000
1433085318,230.360000000000,1.080000000000
1433085319,230.350000000000,6.224000000000
1433085321,230.350000000000,0.490000000000
1433085324,230.350000000000,0.270000000000
1433085326,230.350000000000,191.936000000000
1433085328,230.370000000000,0.760000000000
1433085475,230.350000000000,8.064000000000
1433085475,230.410000000000,1.590000000000
1433085475,230.410000000000,1.794000000000
1433085475,230.400000000000,7.455500000000
1433085476,230.280000000000,1.821000000000
1433085476,230.150000000000,1.707000000000
1433085476,230.020000000000,1.596000000000
1433085476,230.020000000000,0.174400000000
1433085477,230.010000000000,8.430700000000
1433085477,230.010000000000,7.537100000000
1433085477,230.010000000000,7.720900000000
1433085477,230.010000000000,7.941400000000
1433085477,230.010000000000,8.488200000000
1433085478,230.010000000000,7.837200000000
1433085478,230.010000000000,8.221200000000
1433085479,230.010000000000,7.812200000000
1433085479,230.010000000000,7.633000000000
1433085480,230.010000000000,8.162000000000
1433085480,230.010000000000,8.536900000000
1433085481,230.010000000000,7.753500000000
1433085481,230.010000000000,7.827900000000
1433085481,230.010000000000,7.396100000000
1433085482,230.010000000000,8.463600000000
1433085482,230.010000000000,7.433200000000
1433085483,230.010000000000,8.038500000000
1433085484,230.010000000000,7.456000000000
1433086237,230.010000000000,1.000000000000
1433086240,230.010000000000,1.000000000000
1433086244,230.010000000000,1.000000000000
1433086279,230.010000000000,1.000000000000
1433086283,230.010000000000,1.000000000000
1433086292,230.010000000000,1.000000000000
1433086296,230.010000000000,1.000000000000
1433086300,230.010000000000,1.000000000000
1433086302,230.010000000000,1.000000000000
1433086313,230.010000000000,1.000000000000
1433086334,230.010000000000,1.000000000000
1433086337,230.010000000000,1.000000000000
1433086342,230.010000000000,1.000000000000
1433086346,230.010000000000,1.000000000000
1433086350,230.010000000000,1.000000000000
1433086370,230.010000000000,1.000000000000
1433086374,230.010000000000,1.000000000000
1433086399,230.010000000000,1.000000000000
1433086404,230.010000000000,1.000000000000
1433086408,230.010000000000,1.000000000000
1433086412,230.010000000000,1.000000000000
1433086565,230.010000000000,1.000000000000
1433086589,230.010000000000,1.000000000000
1433086593,230.010000000000,1.000000000000
1433086597,230.010000000000,1.000000000000
1433086601,230.010000000000,1.000000000000
1433086605,230.010000000000,1.000000000000
1433086608,230.010000000000,1.000000000000
1433086612,230.010000000000,1.000000000000
1433086615,230.010000000000,1.000000000000
1433086623,230.010000000000,1.000000000000
1433086627,230.010000000000,1.000000000000
1433086630,230.010000000000,1.000000000000
1433086636,230.010000000000,1.000000000000
1433086640,230.010000000000,1.000000000000
1433086659,230.010000000000,7.857300000000
1433086660,230.010000000000,8.189400000000
1433086660,230.010000000000,8.549200000000
1433086661,230.010000000000,8.065400000000
1433086661,230.010000000000,7.428500000000
1433086662,230.010000000000,8.018700000000
1433090116,230.670000000000,0.044400000000
1433090116,230.610000000000,23.446900000000
1433090116,230.440000000000,0.044500000000
1433090116,230.750000000000,23.355000000000
1433090117,230.750000000000,24.511700000000
1433090171,230.810000000000,23.986500000000
1433090171,230.900000000000,0.044600000000
1433090237,231.020000000000,24.519500000000
1433090237,231.250000000000,23.941500000000
1433090237,231.130000000000,0.044700000000
1433090237,231.250000000000,24.071500000000
1433090238,231.250000000000,3.662900000000
1433090238,231.250000000000,23.759900000000
1433090244,230.960000000000,23.806200000000
1433090324,231.180000000000,24.549400000000
1433090400,231.270000000000,1.000000000000
1433090413,231.250000000000,23.408400000000
1433090413,231.270000000000,1.000000000000
1433090684,231.260000000000,1.000000000000
1433090905,231.260000000000,0.010000000000
1433090910,231.260000000000,0.010000000000
1433090920,231.260000000000,0.020000000000
1433090965,231.270000000000,1.000000000000
1433091881,231.270000000000,0.030000000000
1433091971,231.270000000000,0.030000000000
1433091974,231.270000000000,0.770000000000
1433092153,231.270000000000,0.260000000000
1433092833,231.360000000000,0.010000000000
1433092836,231.360000000000,0.034700000000
1433092837,231.360000000000,0.065300000000
1433092839,231.360000000000,0.100000000000
1433092849,231.350000000000,0.140000000000
1433092857,231.350000000000,0.030000000000
1433092872,231.350000000000,0.030000000000
1433093058,231.360000000000,0.380000000000
1433093241,231.250000000000,23.957000000000
1433093242,231.250000000000,23.695500000000
1433093244,231.270000000000,2.850000000000
1433093244,231.250000000000,4.389700000000
1433093249,231.100000000000,1.850000000000
1433093250,231.230000000000,0.060000000000
1433093253,231.230000000000,1.850000000000
1433093255,231.220000000000,2.020000000000
1433093269,231.100000000000,1.830000000000
1433093280,231.100000000000,1.690000000000
1433093733,231.230000000000,0.750000000000
1433094026,231.050000000000,5.000000000000
1433094026,230.930000000000,1.714000000000
1433094028,230.880000000000,5.000000000000
1433094032,230.970000000000,1.619000000000
1433094032,231.000000000000,2.691000000000
1433094036,230.990000000000,0.180000000000
1433094141,231.050000000000,1.160000000000
1433094274,231.100000000000,1.670000000000
1433095303,231.200000000000,0.030000000000
1433095314,231.200000000000,0.770000000000
1433095330,231.200000000000,0.770000000000
1433095332,231.100000000000,5.000000000000
1433095337,231.050000000000,5.000000000000
1433095468,231.210000000000,0.700000000000
1433095474,231.210000000000,0.260000000000
1433095515,231.230000000000,2.250000000000
1433095528,231.320000000000,1.300000000000
1433095822,231.330000000000,0.780000000000
1433095824,231.330000000000,0.390000000000
1433095827,231.330000000000,2.780000000000
1433096165,231.190000000000,1.700000000000
1433099137,231.120000000000,0.020000000000
1433099255,231.120000000000,0.004000000000
1433099255,231.230000000000,0.996000000000
1433100990,231.060000000000,0.175100000000
1433100990,231.170000000000,1.332900000000
1433102146,230.600000000000,0.174700000000
1433102146,230.830000000000,0.174900000000
1433105121,230.760000000000,1.343500000000
1433105338,230.410000000000,1.938000000000
1433105338,230.370000000000,0.175600000000
1433105339,230.300000000000,1.979000000000
1433106276,230.400000000000,1.813000000000
1433106746,230.140000000000,0.175800000000
1433107622,230.000000000000,0.200000000000
1433107622,229.850000000000,6.246200000000
1433107622,229.900000000000,0.176000000000
1433109068,229.500000000000,23.782400000000
1433109068,229.670000000000,0.176100000000
1433109069,229.500000000000,23.465500000000
1433109914,229.500000000000,22.111800000000
1433109915,229.500000000000,21.412900000000
1433109915,229.500000000000,22.489100000000
1433109915,229.500000000000,22.004900000000
1433109915,229.500000000000,22.525200000000
1433109916,229.500000000000,21.518200000000
1433109916,229.440000000000,0.176300000000
1433109916,229.500000000000,20.690000000000
1433110237,229.210000000000,0.176500000000
1433110348,228.980000000000,0.176700000000
1433110467,228.650000000000,1.000000000000
1433110467,228.650000000000,0.157900000000
1433110478,228.420000000000,0.158100000000
1433110478,228.190000000000,0.158200000000
1433110479,228.180000000000,0.480300000000
1433110511,228.110000000000,1.736000000000
1433110511,228.210000000000,1.943000000000
1433110511,227.980000000000,1.847000000000
1433110512,228.240000000000,1.922000000000
1433110538,227.980000000000,1.744000000000
1433110538,228.110000000000,1.884000000000
1433110564,227.960000000000,0.158400000000
1433110607,227.960000000000,0.162000000000
1433110784,228.500000000000,1.642000000000
1433110791,228.540000000000,1.756000000000
1433110934,228.370000000000,1.626000000000
1433111329,228.690000000000,0.021100000000
1433111358,228.920000000000,0.021100000000
1433111388,229.150000000000,0.021100000000
1433111403,229.380000000000,0.021100000000
1433111404,229.600000000000,0.021000000000
1433111675,228.550000000000,1.943000000000
1433111675,228.540000000000,1.582000000000
1433111675,228.420000000000,1.773000000000
1433111675,228.680000000000,1.587000000000
1433112422,228.620000000000,1.562000000000
1433112422,228.490000000000,1.885000000000
1433112422,228.870000000000,11.640000000000
1433112422,228.490000000000,4.913000000000
1433112657,228.360000000000,1.607000000000
1433112657,228.490000000000,1.651000000000
1433112658,228.230000000000,1.670000000000
1433112665,228.580000000000,2.238000000000
1433112665,228.550000000000,1.901000000000
1433112778,227.900000000000,1.645000000000
1433112833,227.740000000000,0.158500000000
1433112834,227.750000000000,1.608000000000
1433112835,227.770000000000,1.778000000000
1433112844,227.640000000000,1.704000000000
1433112847,227.510000000000,0.158700000000
1433112847,227.760000000000,2.060000000000
1433112935,227.930000000000,1.802000000000
1433112936,227.900000000000,2.332000000000
1433113367,228.290000000000,1.873000000000
1433113636,228.220000000000,0.148000000000
1433115259,228.420000000000,0.019800000000
1433115259,228.650000000000,0.019800000000
1433115260,228.700000000000,149.960400000000
1433115528,228.580000000000,0.039600000000
1433116371,228.360000000000,20.582600000000
1433117092,228.820000000000,1.585000000000
1433117326,228.360000000000,4.417400000000
1433118359,228.430000000000,1.572000000000
1433120362,228.880000000000,0.019800000000
1433120378,229.110000000000,0.019700000000
1433121590,228.890000000000,10.057700000000
1433125912,229.330000000000,0.019700000000
1433125913,229.330000000000,199.980300000000
1433125925,229.330000000000,199.980300000000
1433125925,229.330000000000,0.019700000000
1433125941,229.330000000000,0.019700000000
1433125942,229.330000000000,199.980300000000
1433125955,229.330000000000,0.019700000000
1433125955,229.330000000000,199.980300000000
1433125977,229.330000000000,0.019700000000
1433125977,229.330000000000,199.980300000000
1433127017,229.130000000000,1.812000000000
1433127017,229.120000000000,10.832900000000
1433127017,229.230000000000,1.682000000000
1433127018,228.970000000000,1.585000000000
1433127018,229.100000000000,1.849000000000
1433127018,228.840000000000,1.667000000000
1433127019,228.720000000000,34.607800000000
1433127019,228.710000000000,1.755000000000
1433127020,228.320000000000,1.603000000000
1433127020,228.450000000000,1.914000000000
1433127020,228.580000000000,1.939000000000
1433127021,228.190000000000,1.925000000000
1433127021,228.060000000000,1.824000000000
1433127021,228.290000000000,68.791600000000
1433127021,227.990000000000,0.148200000000
1433127022,227.930000000000,0.327900000000
1433127022,227.980000000000,115.736600000000
1433130221,229.300000000000,24.355400000000
1433132476,229.300000000000,0.644600000000
1433135099,229.330000000000,0.019700000000
1433136416,229.700000000000,24.225800000000
1433136416,229.560000000000,0.019700000000
1433136416,229.500000000000,5.000000000000
1433136416,229.500000000000,5.000000000000
1433138055,229.730000000000,1.000000000000
1433138055,229.730000000000,1.000000000000
1433138055,229.730000000000,1.000000000000
1433138055,229.730000000000,1.000000000000
1433138055,229.730000000000,1.000000000000
1433138056,229.730000000000,1.000000000000
1433138056,229.730000000000,1.000000000000
1433138056,229.730000000000,1.000000000000
1433138056,229.730000000000,1.000000000000
1433138056,229.730000000000,1.000000000000
1433138056,229.730000000000,1.000000000000
1433138056,229.730000000000,1.000000000000
1433138057,229.730000000000,1.000000000000
1433138057,229.730000000000,1.000000000000
1433138057,229.730000000000,1.000000000000
1433138057,229.730000000000,1.000000000000
1433138057,229.730000000000,1.000000000000
1433138057,229.730000000000,1.000000000000
1433138058,229.730000000000,1.000000000000
1433138058,229.730000000000,1.000000000000
1433138058,229.730000000000,1.000000000000
1433138058,229.730000000000,1.000000000000
1433138058,229.730000000000,0.701000000000
1433138058,229.730000000000,1.000000000000
1433138059,229.730000000000,1.000000000000
1433138059,229.730000000000,1.000000000000
1433138059,229.730000000000,1.000000000000
1433138059,229.730000000000,1.000000000000
1433138059,229.730000000000,1.000000000000
1433138059,229.730000000000,1.000000000000
1433138059,229.730000000000,0.299000000000
1433138060,229.730000000000,1.000000000000
1433138060,229.730000000000,1.000000000000
1433138060,229.730000000000,1.000000000000
1433138060,229.730000000000,1.000000000000
1433138060,229.730000000000,1.000000000000
1433138061,229.730000000000,1.000000000000
1433138061,229.730000000000,1.000000000000
1433138061,229.730000000000,1.000000000000
1433138061,229.730000000000,1.000000000000
1433138061,229.730000000000,1.000000000000
1433138062,229.730000000000,1.000000000000
1433138062,229.730000000000,1.000000000000
1433138062,229.730000000000,1.000000000000
1433138063,229.730000000000,0.678500000000
1433138063,229.730000000000,0.321500000000
1433138063,229.730000000000,1.000000000000
1433138063,229.730000000000,1.000000000000
1433138063,229.730000000000,1.000000000000
1433138063,229.730000000000,1.000000000000
1433138064,229.700000000000,22.582200000000
1433138064,229.730000000000,1.000000000000
1433138064,229.730000000000,1.000000000000
1433138064,229.700000000000,20.767300000000
1433138064,229.700000000000,0.615600000000
1433138064,229.700000000000,21.769700000000
1433138226,229.400000000000,1.641000000000
1433138226,229.270000000000,1.592000000000
1433138228,229.300000000000,1.583000000000
1433142819,229.660000000000,1.876000000000
1433142820,229.680000000000,1.689000000000
1433144063,229.790000000000,0.019700000000
1433144064,230.000000000000,5.000000000000
1433144064,230.000000000000,0.171000000000
1433144064,230.000000000000,5.000000000000
1433144144,230.000000000000,4.829000000000
1433144145,230.020000000000,0.019700000000
1433145477,230.250000000000,0.019600000000
1433151884,229.980000000000,2.300000000000
1433151884,229.980000000000,2.300000000000
1433151884,229.980000000000,2.300000000000
1433151884,229.980000000000,2.300000000000
1433151885,229.980000000000,0.830300000000
1433151885,229.980000000000,2.300000000000
1433151885,229.980000000000,2.300000000000
1433151885,229.980000000000,2.300000000000
1433151885,229.980000000000,2.300000000000
1433151885,229.980000000000,2.300000000000
1433151886,229.980000000000,2.300000000000
1433151886,229.980000000000,1.469700000000
1433151886,229.980000000000,2.300000000000
1433151886,229.980000000000,2.300000000000
1433151886,229.980000000000,2.300000000000
1433151886,229.980000000000,2.300000000000
1433151887,229.980000000000,2.300000000000
1433151887,229.980000000000,0.940300000000
1433151887,229.980000000000,1.359700000000
1433151887,229.980000000000,2.300000000000
1433151887,229.980000000000,2.300000000000
1433151887,229.980000000000,2.300000000000
1433151887,229.980000000000,2.300000000000
1433151888,229.980000000000,1.700000000000
1433152374,228.720000000000,1.706000000000
1433152375,228.680000000000,1.718000000000
1433152377,228.140000000000,1.674000000000
1433152377,228.280000000000,1.587000000000
1433152377,228.420000000000,1.857000000000
1433152377,228.550000000000,1.608000000000
1433152378,228.000000000000,1.835000000000
1433152378,227.760000000000,0.148300000000
1433152378,227.860000000000,1.708000000000
1433152378,227.730000000000,1.863000000000
1433152380,227.720000000000,1.613000000000
1433152380,227.580000000000,1.792000000000
1433152380,227.540000000000,0.148500000000
1433152384,227.300000000000,1.964000000000
1433152384,227.960000000000,0.571000000000
1433152384,227.310000000000,0.148600000000
1433152384,227.440000000000,1.661000000000
1433152385,227.140000000000,0.200000000000
1433152385,227.140000000000,1.734000000000
1433152385,227.080000000000,0.148800000000
1433152386,226.900000000000,1.962000000000
1433152388,229.080000000000,1.750000000000
1433152388,228.950000000000,1.615000000000
1433152388,228.820000000000,1.635000000000
1433152389,226.880000000000,1.878000000000
1433152390,226.850000000000,0.148900000000
1433152390,226.620000000000,0.149100000000
1433152390,226.740000000000,1.691000000000
1433152390,226.600000000000,1.928000000000
1433152391,229.080000000000,0.117000000000
1433152403,228.790000000000,0.530000000000
1433152419,226.390000000000,0.149200000000
1433152420,227.990000000000,0.690000000000
1433152421,228.290000000000,2.225000000000
1433152422,228.260000000000,1.771000000000
1433152423,228.300000000000,1.757000000000
1433152425,228.040000000000,1.866000000000
1433152433,228.060000000000,0.590000000000
1433152439,227.910000000000,1.707000000000
1433152445,227.790000000000,0.447000000000
1433152467,227.670000000000,0.492000000000
1433152467,227.780000000000,1.631000000000
1433152468,227.910000000000,1.847000000000
1433152469,227.780000000000,1.901000000000
1433152474,227.930000000000,1.648000000000
1433152498,227.910000000000,1.842000000000
1433152498,228.040000000000,1.677000000000
1433152498,228.130000000000,1.614000000000
1433152499,228.140000000000,0.434000000000
1433152500,228.170000000000,1.640000000000
1433152516,227.910000000000,1.773000000000
1433152516,227.890000000000,1.678000000000
1433152517,228.040000000000,1.579000000000
1433152531,227.910000000000,1.577000000000
1433152531,228.040000000000,1.928000000000
1433152543,228.250000000000,1.784000000000
1433152543,228.170000000000,1.657000000000
1433152544,228.300000000000,1.744000000000
1433152601,228.040000000000,1.855000000000
1433152618,228.170000000000,1.708000000000
1433152619,228.420000000000,2.076000000000
1433152619,228.300000000000,1.702000000000
1433152619,228.430000000000,1.760000000000
1433153366,228.170000000000,1.582000000000
1433153366,228.110000000000,2.290000000000
1433154062,228.030000000000,2.500000000000
1433154063,228.030000000000,2.500000000000
1433154063,228.030000000000,2.500000000000
1433154063,228.030000000000,2.500000000000
1433154063,228.030000000000,2.500000000000
1433154063,228.030000000000,2.500000000000
1433154063,228.030000000000,2.500000000000
1433154064,228.030000000000,2.500000000000
1433154064,228.030000000000,1.081300000000
1433154064,228.030000000000,1.418700000000
1433154064,228.030000000000,2.500000000000
1433154069,226.830000000000,1.876000000000
1433154070,226.550000000000,1.636000000000
1433154070,226.170000000000,0.149300000000
1433154070,226.410000000000,1.936000000000
1433154070,226.130000000000,1.955000000000
1433154070,226.270000000000,1.629000000000
1433154070,226.690000000000,1.580000000000
1433154071,225.850000000000,1.905000000000
1433154071,226.000000000000,4.000000000000
1433154071,225.990000000000,1.871000000000
1433154072,225.610000000000,1.903000000000
1433154073,225.610000000000,0.702000000000
1433154074,225.570000000000,1.669000000000
1433154208,226.610000000000,1.720000000000
1433154208,226.480000000000,1.673000000000
1433154209,226.760000000000,1.766000000000
1433154209,226.740000000000,1.949000000000
1433154210,226.870000000000,1.595000000000
1433154466,226.610000000000,1.943000000000
1433154644,226.870000000000,1.816000000000
1433154644,226.740000000000,1.839000000000
1433154647,226.980000000000,1.798000000000
1433154648,227.000000000000,1.862000000000
1433154648,226.980000000000,1.813000000000
1433154995,226.480000000000,0.438600000000
1433155181,226.350000000000,1.862000000000
1433155516,226.350000000000,1.644000000000
1433155516,226.480000000000,1.646000000000
1433155566,225.500000000000,20.888500000000
1433155567,225.500000000000,9.111500000000
1433155577,225.700000000000,1.927000000000
1433155580,225.730000000000,1.813000000000
1433155750,225.960000000000,1.821000000000
1433157354,226.620000000000,0.650000000000
1433158410,227.210000000000,1.603000000000
1433161959,227.160000000000,4.351000000000
1433161959,227.170000000000,7.591800000000
1433161959,226.860000000000,20.807200000000
1433161987,227.060000000000,0.200000000000
1433163250,227.060000000000,18.000000000000
1433163306,226.980000000000,17.000000000000
1433163368,227.180000000000,1.500000000000
1433165247,227.170000000000,19.047200000000
1433165247,227.310000000000,1.610800000000
1433165247,227.310000000000,4.342000000000
1433168642,227.210000000000,1.000000000000
1433169687,227.210000000000,0.137200000000
1433169743,227.150000000000,18.061100000000
1433171156,227.160000000000,1.678000000000
1433171223,227.150000000000,0.938900000000
1433171223,227.080000000000,1.742000000000
1433171293,227.000000000000,25.000000000000
1433171338,227.070000000000,1.000000000000
1433172421,227.010000000000,2.064000000000
1433172422,227.000000000000,2.936000000000
1433172422,227.000000000000,25.000000000000
1433172478,227.070000000000,1.500000000000
1433172610,227.000000000000,18.250800000000
1433172611,227.000000000000,14.044800000000
1433172611,227.000000000000,10.955200000000
1433172611,227.000000000000,17.079700000000
1433172611,227.000000000000,3.813200000000
1433172611,227.000000000000,6.623800000000
1433172611,227.000000000000,1.296500000000
1433172612,227.000000000000,9.086500000000
1433172612,227.000000000000,15.913500000000
1433172612,227.000000000000,8.461400000000
1433172678,227.000000000000,16.538600000000
1433172679,227.000000000000,9.020900000000
1433172679,227.000000000000,16.779100000000
1433172679,227.000000000000,7.745200000000
1433172679,227.000000000000,0.475700000000
1433172680,227.000000000000,14.849500000000
1433172680,227.000000000000,0.116300000000
1433172680,227.000000000000,15.979100000000
1433172681,226.930000000000,4.555900000000
1433172681,226.930000000000,5.000000000000
1433172681,226.980000000000,0.137300000000
1433172681,226.930000000000,0.444100000000
1433172681,227.000000000000,10.034200000000
1433172699,226.700000000000,4.835200000000
1433172699,226.850000000000,10.000000000000
1433172699,226.760000000000,0.137400000000
1433172700,226.700000000000,0.164800000000
1433172700,226.700000000000,5.000000000000
1433172700,226.700000000000,5.000000000000
1433172702,226.530000000000,0.137600000000
1433172722,226.300000000000,0.137700000000
1433172725,226.070000000000,0.137900000000
1433172725,226.180000000000,5.000000000000
1433172725,226.180000000000,10.000000000000
1433172728,226.110000000000,4.404000000000
1433172745,225.850000000000,0.138000000000
1433172759,225.620000000000,0.138100000000
1433172764,225.390000000000,0.138300000000
1433172769,225.290000000000,5.356900000000
1433172780,225.170000000000,0.138400000000
1433172794,225.110000000000,3.007000000000
1433172794,224.990000000000,1.589000000000
1433172794,225.120000000000,1.875000000000
1433172794,225.250000000000,1.906000000000
1433172794,225.230000000000,1.870000000000
1433172815,224.730000000000,1.632000000000
1433172815,224.600000000000,1.803000000000
1433172815,224.800000000000,2.264000000000
1433172815,224.810000000000,3.131000000000
1433172825,224.850000000000,0.467000000000
1433172825,224.860000000000,1.775000000000
1433172826,224.920000000000,0.113300000000
1433172835,224.340000000000,1.847000000000
1433172840,224.050000000000,0.100000000000
1433173201,223.500000000000,14.418500000000
1433173202,223.500000000000,13.319500000000
1433173202,223.500000000000,2.262000000000
1433173325,223.820000000000,13.249800000000
1433173346,223.820000000000,1.750200000000
1433173418,222.950000000000,18.566500000000
1433173419,222.950000000000,1.433500000000
1433173420,222.990000000000,17.022100000000
1433173420,222.780000000000,2.977900000000
1433173593,223.410000000000,0.340000000000
1433173723,223.440000000000,1.662000000000
1433173723,223.310000000000,1.773000000000
1433173723,223.570000000000,1.958000000000
1433173723,223.460000000000,2.123000000000
1433174098,222.800000000000,10.000000000000
1433174099,222.750000000000,18.166200000000
1433174099,222.240000000000,1.966000000000
1433174099,222.290000000000,53.801500000000
1433174099,222.800000000000,10.000000000000
1433174099,222.800000000000,10.000000000000
1433174100,222.000000000000,1.000000000000
1433174100,222.110000000000,1.925000000000
1433174100,221.980000000000,1.709000000000
1433174101,221.610000000000,4.483000000000
1433174101,221.710000000000,1.705000000000
1433174101,221.850000000000,1.810000000000
1433174101,221.900000000000,107.658100000000
1433174102,221.370000000000,180.533700000000
1433174102,221.430000000000,1.624000000000
1433174102,221.570000000000,1.627000000000
1433174103,221.150000000000,1.743000000000
1433174103,221.020000000000,10.000000000000
1433174103,221.290000000000,1.606000000000
1433174103,221.050000000000,242.959900000000
1433174104,221.020000000000,0.200000000000
1433174104,221.010000000000,1.754000000000
1433174104,221.000000000000,1.000000000000
1433174105,221.000000000000,8.544800000000
1433174105,221.000000000000,24.379000000000
1433174105,221.000000000000,24.807500000000
1433174105,221.000000000000,8.112800000000
1433174105,221.000000000000,25.074800000000
1433174105,221.000000000000,8.176400000000
1433174105,221.000000000000,17.935900000000
1433174106,221.000000000000,7.929900000000
1433174106,221.000000000000,24.544000000000
1433174107,221.000000000000,8.548400000000
1433174107,221.000000000000,24.477600000000
1433174107,221.000000000000,8.014600000000
1433174107,221.000000000000,7.936800000000
1433174107,221.000000000000,8.207200000000
1433174107,221.000000000000,7.764200000000
1433174108,221.600000000000,1.595000000000
1433174108,221.000000000000,2.468200000000
1433174108,221.000000000000,8.266600000000
1433174108,221.000000000000,7.539900000000
1433174109,221.600000000000,1.895000000000
1433174275,222.130000000000,1.000000000000
1433174339,222.020000000000,4.425000000000
1433174339,222.040000000000,1.874000000000
1433174339,222.030000000000,1.629000000000
1433174339,221.910000000000,1.847000000000
1433174340,221.780000000000,1.632000000000
1433174344,221.910000000000,4.473000000000
1433174363,222.040000000000,1.687000000000
1433174364,221.910000000000,1.814000000000
1433174364,221.890000000000,14.246000000000
1433174364,221.900000000000,2.253000000000
1433174514,222.040000000000,1.804000000000
1433174515,222.040000000000,0.196000000000
1433174613,222.040000000000,1.423000000000
1433174613,222.010000000000,4.489000000000
1433174614,221.890000000000,12.802200000000
1433174614,221.970000000000,1.000000000000
1433174614,221.980000000000,2.016000000000
1433174614,221.910000000000,1.668000000000
1433174614,221.970000000000,1.000000000000
1433174614,221.890000000000,16.951800000000
1433175104,222.300000000000,1.846000000000
1433175105,222.180000000000,0.590000000000
1433175105,222.170000000000,1.668000000000
1433175105,222.190000000000,2.312000000000
1433175110,222.110000000000,1.648000000000
1433175428,222.680000000000,0.521000000000
1433175436,222.680000000000,0.450000000000
1433175481,222.900000000000,0.532000000000
1433175961,223.030000000000,0.066700000000
1433176023,222.960000000000,1.832000000000
1433176024,222.830000000000,0.095400000000
1433176024,222.830000000000,1.599000000000
1433176024,222.790000000000,8.599600000000
1433176024,222.800000000000,2.376000000000
1433176025,222.700000000000,1.729000000000
1433176025,222.570000000000,1.610000000000
1433176025,222.610000000000,0.095500000000
1433176026,222.380000000000,0.095600000000
1433176026,222.310000000000,1.754000000000
1433176026,222.440000000000,1.964000000000
1433176026,222.470000000000,23.487600000000
1433176027,222.180000000000,1.841000000000
1433176027,222.050000000000,1.960000000000
1433176027,222.160000000000,0.095700000000
1433176027,222.160000000000,48.085900000000
1433176028,222.000000000000,7.305500000000
1433176028,222.000000000000,23.963000000000
1433176028,222.000000000000,8.530200000000
1433176028,222.000000000000,24.213300000000
1433176028,222.000000000000,7.612700000000
1433176028,222.000000000000,24.666000000000
1433176029,222.000000000000,16.487000000000
1433176029,222.000000000000,7.414100000000
1433176029,222.000000000000,7.841300000000
1433176029,222.000000000000,24.746600000000
1433176030,222.930000000000,0.578000000000
1433176222,222.930000000000,1.573000000000
1433176232,222.930000000000,0.856000000000
1433176233,222.830000000000,1.698000000000
1433176233,222.890000000000,1.975000000000
1433176235,222.820000000000,1.557000000000
1433176253,223.050000000000,1.000000000000
1433176451,222.930000000000,1.000000000000
1433176637,222.910000000000,0.010000000000
1433176641,222.700000000000,1.593000000000
1433176652,222.700000000000,0.984000000000
1433176702,222.790000000000,1.000000000000
1433176976,223.020000000000,1.000000000000
1433177560,222.640000000000,2.020000000000
1433177561,222.630000000000,0.958000000000
1433177616,222.640000000000,1.000000000000
1433177945,222.640000000000,0.200000000000
1433178339,222.570000000000,0.800000000000
1433178470,222.300000000000,23.535200000000
1433178493,222.450000000000,2.000000000000
1433179168,222.490000000000,5.000000000000
1433179174,222.380000000000,24.427400000000
1433179177,222.380000000000,1.197000000000
1433179741,222.300000000000,76.464800000000
1433179741,222.400000000000,50.000000000000
1433179741,222.380000000000,14.375600000000
1433179742,222.000000000000,8.050000000000
1433179742,222.050000000000,1.760000000000
1433179742,222.250000000000,1.000000000000
1433179742,222.060000000000,8.666800000000
1433179743,222.000000000000,1.439000000000
1433179743,222.000000000000,8.616400000000
1433179743,222.000000000000,7.590900000000
1433179743,222.000000000000,8.659200000000
1433179743,222.000000000000,7.607100000000
1433179743,222.000000000000,8.024100000000
1433179744,222.000000000000,8.014100000000
1433179930,222.000000000000,1.000000000000
1433179971,221.940000000000,0.095800000000
1433179977,221.920000000000,1.000000000000
1433179996,221.720000000000,0.095900000000
1433180018,221.660000000000,1.220000000000
1433180019,221.660000000000,1.019000000000
1433180046,221.600000000000,20.000000000000
1433181094,221.950000000000,1.000000000000
1433181196,221.950000000000,0.760000000000
1433181200,221.950000000000,0.800000000000
1433181204,221.950000000000,1.030000000000
1433181219,221.950000000000,2.918900000000
1433181219,222.000000000000,7.900800000000
1433181219,222.000000000000,4.955100000000
1433181219,222.000000000000,7.608700000000
1433181220,222.000000000000,8.120000000000
1433181220,222.000000000000,7.736200000000
1433181330,222.000000000000,25.000000000000
1433181330,222.000000000000,25.000000000000
1433181347,222.000000000000,5.000000000000
1433181350,222.000000000000,5.000000000000
1433181355,222.000000000000,5.000000000000
1433181380,222.000000000000,5.000000000000
1433181384,222.000000000000,5.000000000000
1433181399,222.000000000000,5.000000000000
1433181408,222.000000000000,5.000000000000
1433181429,222.000000000000,5.000000000000
1433181435,222.000000000000,5.000000000000
1433181443,222.000000000000,5.000000000000
1433181450,222.000000000000,5.000000000000
1433181460,222.000000000000,5.000000000000
1433181466,222.000000000000,5.000000000000
1433181479,222.000000000000,5.000000000000
1433181483,222.000000000000,5.000000000000
1433181489,222.000000000000,5.000000000000
1433181600,221.920000000000,24.015000000000
1433181601,221.920000000000,0.985000000000
1433181601,221.920000000000,22.781100000000
1433181609,221.970000000000,5.000000000000
1433181613,222.000000000000,5.000000000000
1433181700,222.000000000000,5.000000000000
1433181711,222.000000000000,1.460000000000
1433181716,222.000000000000,0.350000000000
1433181721,222.000000000000,2.870000000000
1433181732,222.000000000000,5.000000000000
1433181755,222.000000000000,5.000000000000
1433181759,222.000000000000,3.010000000000
1433181766,222.000000000000,0.050000000000
1433181772,222.000000000000,0.220000000000
1433181902,222.000000000000,0.002600000000
1433181902,222.010000000000,1.980000000000
1433181903,222.040000000000,0.002400000000
1433181903,222.030000000000,1.675000000000
1433181927,222.040000000000,0.840000000000
1433181957,222.040000000000,0.800000000000
