1467316270,666.470000000000,0.500000000000
1467316300,666.470000000000,0.063000000000
1467316422,666.470000000000,4.412000000000
1467316483,666.490000000000,0.090000000000
1467316484,666.490000000000,0.060000000000
1467316484,666.500000000000,0.010000000000
1467316484,666.500000000000,0.030000000000
1467316484,666.500000000000,53.953000000000
1467316488,667.140000000000,0.009400000000
1467316511,666.310000000000,4.457000000000
1467316511,666.390000000000,0.010000000000
1467316611,667.490000000000,1.391600000000
1467316612,667.490000000000,0.661100000000
1467316622,667.490000000000,3.301000000000
1467316766,667.490000000000,1.146300000000
1467316766,667.490000000000,0.080000000000
1467316766,667.490000000000,0.010000000000
1467316767,667.490000000000,0.160000000000
1467316767,667.490000000000,0.020000000000
1467316802,667.500000000000,0.011000000000
1467316808,667.500000000000,0.011000000000
1467316809,667.500000000000,0.011000000000
1467316812,667.500000000000,0.011000000000
1467316854,667.500000000000,0.009000000000
1467316863,667.290000000000,0.010000000000
1467316863,667.290000000000,0.030000000000
1467316937,667.500000000000,69.974300000000
1467316937,667.500000000000,29.972700000000
1467317014,668.960000000000,0.064300000000
1467317046,668.660000000000,0.710000000000
1467317047,668.660000000000,0.040000000000
1467317047,668.660000000000,0.010000000000
1467317048,668.660000000000,0.594000000000
1467317050,668.690000000000,5.054000000000
1467317362,669.070000000000,0.040000000000
1467317363,669.070000000000,0.020000000000
1467317363,669.070000000000,0.010000000000
1467317364,669.070000000000,0.030000000000
1467317367,669.070000000000,0.020000000000
1467317415,669.130000000000,0.064300000000
1467317456,668.710000000000,0.080000000000
1467317456,668.710000000000,0.020000000000
1467317471,668.620000000000,3.253000000000
1467317560,668.560000000000,0.102900000000
1467317571,667.680000000000,0.020000000000
1467317571,667.680000000000,0.149000000000
1467317572,667.110000000000,0.149000000000
1467317671,667.110000000000,0.012900000000
1467317758,667.110000000000,0.025800000000
1467317949,667.050000000000,0.149000000000
1467317949,667.050000000000,0.149000000000
1467317950,667.050000000000,0.149000000000
1467317950,667.050000000000,0.149000000000
1467317950,667.050000000000,0.149000000000
1467317950,667.050000000000,0.149000000000
1467317950,667.050000000000,0.149000000000
1467317950,667.050000000000,0.020000000000
1467317950,667.050000000000,0.030000000000
1467317951,667.050000000000,0.149000000000
1467317951,667.050000000000,0.010000000000
1467317951,667.050000000000,0.010000000000
1467317952,666.700000000000,1.924000000000
1467317955,666.560000000000,1.010000000000
1467317956,666.560000000000,5.189000000000
1467317962,666.450000000000,3.388000000000
1467318026,667.550000000000,0.253500000000
1467318027,667.520000000000,0.110000000000
1467318027,667.530000000000,0.320000000000
1467318027,667.540000000000,0.120000000000
1467318222,667.220000000000,0.296100000000
1467318335,667.350000000000,3.818000000000
1467318401,667.220000000000,0.020000000000
1467318402,667.220000000000,0.040000000000
1467318402,667.220000000000,0.010000000000
1467318468,667.470000000000,1.755000000000
1467318469,667.990000000000,0.305400000000
1467318469,667.990000000000,0.459600000000
1467318566,666.360000000000,0.019300000000
1467318583,666.640000000000,0.635100000000
1467318583,666.630000000000,0.230000000000
1467318585,666.590000000000,0.178500000000
1467318587,666.500000000000,0.174000000000
1467318652,666.500000000000,0.051500000000
1467318748,666.660000000000,0.360000000000
1467318752,666.400000000000,0.180400000000
1467319099,667.500000000000,0.322200000000
1467319111,667.030000000000,5.079000000000
1467319220,666.060000000000,0.718300000000
1467319221,666.070000000000,3.500000000000
1467319221,666.230000000000,4.476000000000
1467319249,666.490000000000,2.624000000000
1467319522,665.310000000000,0.025900000000
1467319863,666.640000000000,0.005200000000
1467319954,666.980000000000,0.032300000000
1467320040,666.980000000000,0.041400000000
1467320051,666.980000000000,2.000000000000
1467320161,666.480000000000,0.240000000000
1467320161,666.480000000000,0.060000000000
1467320161,666.480000000000,0.020000000000
1467320212,665.740000000000,5.435000000000
1467320322,664.710000000000,0.155100000000
1467320341,664.290000000000,2.460000000000
1467320345,664.250000000000,2.693000000000
1467320351,664.360000000000,5.595000000000
1467320360,664.810000000000,4.941000000000
1467320413,664.970000000000,4.195000000000
1467320420,664.920000000000,0.259600000000
1467320422,664.920000000000,3.130000000000
1467320427,664.790000000000,3.411000000000
1467320908,666.750000000000,3.127000000000
1467321026,667.430000000000,0.154600000000
1467321374,666.790000000000,0.149000000000
1467321374,666.790000000000,0.149000000000
1467321374,666.790000000000,0.149000000000
1467321374,666.790000000000,0.149000000000
1467321374,666.790000000000,0.149000000000
1467321374,666.790000000000,0.149000000000
1467321375,666.790000000000,0.149000000000
1467321430,666.760000000000,0.103300000000
1467321430,666.760000000000,0.100000000000
1467321430,666.760000000000,0.010000000000
1467321553,666.760000000000,0.050000000000
1467321553,666.760000000000,0.040000000000
1467321560,666.920000000000,0.450000000000
1467321738,667.780000000000,3.650000000000
1467321760,667.900000000000,0.061800000000
1467321846,668.240000000000,0.020000000000
1467321847,668.240000000000,0.007000000000
1467321853,668.020000000000,6.000000000000
1467321933,668.000000000000,0.102900000000
1467322019,668.000000000000,0.040000000000
1467322020,668.000000000000,0.030000000000
1467322020,668.000000000000,0.013600000000
1467322094,668.240000000000,0.320000000000
1467322094,668.000000000000,2.164000000000
1467322094,668.000000000000,0.060000000000
1467322095,668.250000000000,34.126500000000
1467322095,668.480000000000,1.854000000000
1467322095,668.240000000000,2.153000000000
1467322095,668.250000000000,65.873500000000
1467322096,668.580000000000,0.147500000000
1467322097,668.870000000000,2.800000000000
1467322097,669.000000000000,1.866000000000
1467322098,668.250000000000,0.080000000000
1467322107,668.980000000000,4.372000000000
1467322122,669.040000000000,0.254300000000
1467322124,669.030000000000,4.392000000000
1467322127,668.990000000000,4.089000000000
1467322131,668.960000000000,0.519400000000
1467322132,668.950000000000,4.554600000000
1467322247,668.020000000000,6.140000000000
1467322247,668.560000000000,0.715500000000
1467322247,668.470000000000,1.990000000000
1467322248,667.960000000000,2.676000000000
1467322248,668.560000000000,0.164400000000
1467322254,667.920000000000,3.553000000000
1467322262,667.880000000000,3.392000000000
1467322267,667.910000000000,4.697000000000
1467322283,668.190000000000,6.000000000000
1467322360,667.890000000000,0.240000000000
1467322361,667.890000000000,0.149000000000
1467322361,667.890000000000,0.010000000000
1467322361,667.890000000000,0.020000000000
1467322361,667.890000000000,0.149000000000
1467322361,667.890000000000,0.149000000000
1467322361,667.890000000000,0.149000000000
1467322361,667.890000000000,0.149000000000
1467322362,667.890000000000,0.149000000000
1467322362,667.890000000000,0.149000000000
1467322362,667.890000000000,0.149000000000
1467322362,667.890000000000,0.149000000000
1467322366,667.760000000000,0.149000000000
1467322374,667.760000000000,0.431100000000
1467322402,667.760000000000,0.021000000000
1467322459,667.760000000000,4.630000000000
1467322494,668.060000000000,0.100000000000
1467322655,668.270000000000,4.745000000000
1467322669,668.540000000000,0.128800000000
1467322699,669.500000000000,65.438400000000
1467322703,669.350000000000,0.339800000000
1467322704,669.300000000000,6.000000000000
1467322867,669.200000000000,3.789000000000
1467322993,669.500000000000,0.160000000000
1467323279,669.200000000000,0.020000000000
1467323279,669.200000000000,0.010000000000
1467323280,669.030000000000,0.040000000000
1467323280,669.200000000000,0.080000000000
1467323280,669.200000000000,0.149000000000
1467323280,669.200000000000,0.149000000000
1467323280,669.200000000000,0.149000000000
1467323280,669.200000000000,0.149000000000
1467323286,668.440000000000,0.060000000000
1467323706,668.370000000000,0.120000000000
1467323707,668.370000000000,0.740000000000
1467323707,668.370000000000,0.070000000000
1467323707,668.370000000000,0.020000000000
1467323711,668.200000000000,0.105500000000
1467323731,668.040000000000,0.220000000000
1467323731,668.040000000000,0.040000000000
1467323741,668.040000000000,0.210000000000
1467323776,667.760000000000,0.321900000000
1467323777,667.760000000000,0.000100000000
1467323780,667.890000000000,4.821000000000
1467324299,667.710000000000,0.038700000000
1467324300,667.710000000000,3.753000000000
1467324316,667.680000000000,3.897000000000
1467324464,668.650000000000,0.638800000000
1467324465,668.660000000000,29.361200000000
1467324773,669.010000000000,0.149000000000
1467324773,669.010000000000,0.149000000000
1467324773,669.010000000000,0.010000000000
1467324773,669.010000000000,0.149000000000
1467324773,669.010000000000,0.149000000000
1467324773,669.010000000000,0.150000000000
1467324774,669.010000000000,0.010000000000
1467324818,669.480000000000,0.001000000000
1467324873,669.480000000000,0.037000000000
1467325002,668.160000000000,0.073300000000
1467325066,668.150000000000,1.669400000000
1467325749,668.800000000000,0.149000000000
1467325750,668.800000000000,0.149000000000
1467325750,668.800000000000,0.149000000000
1467325750,668.800000000000,0.149000000000
1467325786,668.490000000000,0.015400000000
1467325812,668.500000000000,6.000000000000
1467325812,668.840000000000,0.604700000000
1467326122,668.910000000000,0.150000000000
1467326123,668.910000000000,0.150000000000
1467326123,668.910000000000,0.149000000000
1467326123,668.900000000000,6.000000000000
1467326123,668.910000000000,0.150000000000
1467326168,668.530000000000,0.437500000000
1467326217,668.980000000000,0.107200000000
1467326300,669.430000000000,3.292000000000
1467326317,669.310000000000,4.080000000000
1467326438,669.500000000000,0.020200000000
1467326440,669.500000000000,3.467000000000
1467326441,669.500000000000,30.914400000000
1467326492,669.760000000000,4.458000000000
1467326492,669.770000000000,0.937200000000
1467326493,669.760000000000,2.900000000000
1467326493,669.760000000000,0.114000000000
1467326493,669.760000000000,0.119000000000
1467326493,669.760000000000,0.113000000000
1467326493,669.760000000000,0.112000000000
1467326493,669.760000000000,0.115000000000
1467326493,669.760000000000,0.113000000000
1467326494,669.760000000000,0.150000000000
1467326494,669.760000000000,0.101000000000
1467326494,669.720000000000,0.630000000000
1467326494,669.510000000000,5.960000000000
1467326494,669.760000000000,0.150000000000
1467326494,669.520000000000,1.680000000000
1467326496,669.540000000000,0.150000000000
1467326497,669.540000000000,0.117000000000
1467326497,669.540000000000,0.478000000000
1467326497,669.540000000000,0.150000000000
1467326497,669.540000000000,0.114000000000
1467326498,669.540000000000,0.035100000000
1467326501,669.540000000000,3.394000000000
1467326585,670.320000000000,0.140000000000
1467326586,670.320000000000,0.113000000000
1467326586,670.320000000000,0.230000000000
1467326586,670.320000000000,0.112000000000
1467326587,670.320000000000,0.115000000000
1467326590,670.320000000000,0.130000000000
1467326591,670.320000000000,0.116000000000
1467326591,670.320000000000,0.088000000000
1467326593,670.320000000000,0.114000000000
1467326594,670.320000000000,0.031000000000
1467326655,670.970000000000,0.170700000000
1467326944,670.900000000000,0.112000000000
1467326944,670.900000000000,0.120000000000
1467326944,670.900000000000,0.040000000000
1467326945,670.900000000000,0.112000000000
1467326945,670.900000000000,0.118000000000
1467326946,670.900000000000,0.118000000000
1467326947,670.900000000000,0.116000000000
1467326947,670.900000000000,0.118000000000
1467326949,670.890000000000,0.060000000000
1467326949,670.880000000000,0.010000000000
1467326984,670.490000000000,0.210000000000
1467326984,670.490000000000,0.115000000000
1467326988,670.280000000000,0.210000000000
1467327224,670.000000000000,2.408000000000
1467327229,670.000000000000,2.974000000000
1467327495,670.490000000000,0.579900000000
1467327495,670.500000000000,49.420100000000
1467327525,670.960000000000,1.054900000000
1467327525,670.520000000000,2.984600000000
1467327526,670.970000000000,5.960500000000
1467327913,671.680000000000,0.111000000000
1467327913,671.680000000000,0.114000000000
1467327913,671.680000000000,0.111000000000
1467327913,671.680000000000,0.112000000000
1467327913,671.680000000000,4.438000000000
1467327914,671.540000000000,0.115000000000
1467327914,671.540000000000,0.081000000000
1467327914,671.680000000000,0.118000000000
1467327915,671.540000000000,0.117000000000
1467327915,671.540000000000,0.114000000000
1467328058,672.100000000000,2.876000000000
1467328077,672.100000000000,6.000000000000
1467328080,672.100000000000,6.000000000000
1467328145,672.040000000000,0.112000000000
1467328145,672.040000000000,0.114000000000
1467328145,672.040000000000,4.411000000000
1467328145,672.040000000000,0.114000000000
1467328145,672.040000000000,0.115000000000
1467328146,672.030000000000,0.210000000000
1467328146,672.040000000000,0.117000000000
1467328146,671.590000000000,0.114000000000
1467328146,672.040000000000,0.112000000000
1467328146,672.040000000000,0.118000000000
1467328147,671.520000000000,0.111000000000
1467328160,671.520000000000,0.081000000000
1467328169,671.090000000000,0.152800000000
1467328171,671.090000000000,3.823000000000
1467328176,671.260000000000,2.973000000000
1467328218,671.470000000000,2.557000000000
1467328218,671.550000000000,1.484000000000
1467328316,670.540000000000,0.373400000000
1467328317,670.550000000000,2.914100000000
1467328399,670.030000000000,0.046000000000
1467328446,670.030000000000,3.317000000000
1467328447,669.860000000000,1.784000000000
1467328447,669.740000000000,1.889000000000
1467328447,669.860000000000,0.250000000000
1467328448,669.860000000000,0.118000000000
1467328451,669.850000000000,3.695000000000
1467328483,669.850000000000,3.000000000000
1467328549,669.960000000000,0.023000000000
1467328590,669.170000000000,0.120000000000
1467328591,669.170000000000,0.112000000000
1467328591,669.170000000000,0.115000000000
1467328591,669.170000000000,0.118000000000
1467328592,669.170000000000,0.117000000000
1467328593,669.170000000000,0.112000000000
1467328593,669.170000000000,0.002000000000
1467328596,669.170000000000,0.100000000000
1467328633,669.550000000000,1.139000000000
1467328633,669.550000000000,0.030000000000
1467328633,669.550000000000,0.010000000000
1467328633,669.940000000000,1.539000000000
1467328633,669.950000000000,6.000000000000
1467328633,670.040000000000,1.306000000000
1467328636,670.270000000000,2.036000000000
1467328640,670.250000000000,2.450000000000
1467328762,671.260000000000,0.038400000000
1467328808,670.630000000000,0.414400000000
1467328809,670.620000000000,0.114000000000
1467328809,670.610000000000,0.010000000000
1467328809,670.610000000000,0.010000000000
1467328809,670.600000000000,0.080000000000
1467328809,670.610000000000,0.062600000000
1467328810,670.570000000000,0.078000000000
1467328810,670.570000000000,0.115000000000
1467328811,670.570000000000,0.112000000000
1467328811,670.570000000000,0.298400000000
1467328914,670.570000000000,2.896000000000
1467328972,670.650000000000,0.558900000000
1467329020,670.650000000000,3.012000000000
1467329064,670.790000000000,0.220000000000
1467329160,670.550000000000,2.829000000000
1467329216,671.320000000000,0.550000000000
1467329439,671.250000000000,0.127900000000
1467329679,670.770000000000,0.148000000000
1467329679,670.770000000000,0.148000000000
1467329680,670.770000000000,0.148000000000
1467329680,670.770000000000,0.148000000000
1467329680,670.770000000000,0.148000000000
1467329681,670.770000000000,0.148000000000
1467329681,670.770000000000,0.148000000000
1467329681,670.770000000000,0.148000000000
1467329681,670.770000000000,0.148000000000
1467329682,670.770000000000,0.148000000000
1467329682,670.770000000000,0.148000000000
1467329682,670.770000000000,0.148000000000
1467329683,670.770000000000,0.148000000000
1467329683,670.770000000000,0.148000000000
1467329683,670.770000000000,0.148000000000
1467329683,670.770000000000,0.148000000000
1467329684,670.770000000000,0.112000000000
1467329684,670.770000000000,0.118000000000
1467329684,670.770000000000,0.115000000000
1467329685,670.770000000000,0.111000000000
1467329807,671.080000000000,0.115000000000
1467329807,671.080000000000,0.117000000000
1467329808,671.080000000000,0.760100000000
1467329808,671.060000000000,2.445900000000
1467329814,671.290000000000,3.721000000000
1467329817,671.330000000000,4.340000000000
1467329820,671.290000000000,0.117000000000
1467329820,671.340000000000,3.900000000000
1467329820,671.290000000000,0.115000000000
1467329821,671.290000000000,0.112000000000
1467329821,671.290000000000,0.118000000000
1467329821,671.200000000000,6.110000000000
1467329821,671.290000000000,0.112000000000
1467329821,671.290000000000,0.112000000000
1467329821,671.290000000000,0.111000000000
1467329861,671.100000000000,0.030600000000
1467329945,670.810000000000,0.127800000000
1467330282,672.100000000000,0.076600000000
1467330312,671.690000000000,0.040000000000
1467330312,671.690000000000,0.112000000000
1467330312,671.690000000000,0.112000000000
1467330312,671.690000000000,0.113000000000
1467330313,671.690000000000,0.117000000000
1467330316,671.300000000000,0.114000000000
1467330383,672.100000000000,3.409000000000
1467330390,672.100000000000,3.382000000000
1467330511,672.100000000000,67.474500000000
1467330511,672.100000000000,10.781900000000
1467330765,672.630000000000,0.148000000000
1467330765,672.630000000000,0.148000000000
1467330766,672.630000000000,0.148000000000
1467330766,672.630000000000,0.148000000000
1467330766,672.630000000000,0.148000000000
1467330766,672.630000000000,0.148000000000
1467330767,672.630000000000,0.148000000000
1467330767,672.630000000000,0.114000000000
1467330767,672.630000000000,0.148000000000
1467330768,672.630000000000,0.112000000000
1467330768,672.630000000000,0.112000000000
1467330768,672.630000000000,0.009000000000
1467330768,672.630000000000,0.113000000000
1467330794,672.630000000000,0.109000000000
1467330795,672.630000000000,0.118000000000
1467330795,672.630000000000,0.111000000000
1467330796,672.630000000000,0.117000000000
1467330797,672.630000000000,0.005000000000
1467330800,672.630000000000,0.112000000000
1467331000,672.400000000000,0.011500000000
1467331014,672.180000000000,0.148000000000
1467331014,672.180000000000,0.148000000000
1467331015,672.180000000000,0.148000000000
1467331015,672.180000000000,0.148000000000
1467331106,671.980000000000,0.121300000000
1467331206,671.630000000000,0.112000000000
1467331207,671.630000000000,0.117000000000
1467331207,671.630000000000,0.112000000000
1467331215,670.920000000000,0.115000000000
1467331215,670.920000000000,0.150000000000
1467331216,670.920000000000,0.114000000000
1467331220,670.680000000000,3.845000000000
1467331221,670.680000000000,0.148000000000
1467331249,670.550000000000,0.148000000000
1467331249,670.550000000000,0.148000000000
1467331249,670.550000000000,0.148000000000
1467331249,670.550000000000,0.010000000000
1467331249,670.550000000000,0.148000000000
1467331352,669.590000000000,0.149000000000
1467331352,669.590000000000,0.150000000000
1467331352,669.590000000000,0.150000000000
1467331353,669.590000000000,0.039500000000
1467331420,670.160000000000,0.118000000000
1467331420,670.160000000000,0.111000000000
1467331425,669.770000000000,4.020000000000
1467331479,669.930000000000,1.351000000000
1467331513,670.230000000000,2.091000000000
1467331517,670.320000000000,0.154700000000
1467331518,670.320000000000,3.134000000000
1467331519,670.290000000000,0.110000000000
1467331525,670.290000000000,4.187000000000
1467331533,670.170000000000,5.209000000000
1467331537,670.130000000000,5.340000000000
1467331602,669.370000000000,0.149000000000
1467331602,669.370000000000,0.149000000000
1467331602,669.370000000000,0.149000000000
1467331602,669.370000000000,0.149000000000
1467331602,669.370000000000,0.150000000000
1467331602,669.370000000000,0.149000000000
1467331603,669.370000000000,0.109000000000
1467331603,668.940000000000,0.588900000000
1467331608,668.940000000000,0.300300000000
1467331646,668.920000000000,0.193500000000
1467331647,668.920000000000,0.150000000000
1467331647,668.930000000000,0.070000000000
1467331647,668.930000000000,0.039400000000
1467331648,668.940000000000,3.237100000000
1467331779,668.000000000000,0.030200000000
1467331779,668.150000000000,0.052200000000
1467331834,666.740000000000,0.150000000000
1467331834,666.740000000000,0.150000000000
1467331834,666.740000000000,0.149000000000
1467331834,666.740000000000,0.110000000000
1467331835,666.740000000000,0.149000000000
1467331835,666.740000000000,0.150000000000
1467331835,666.740000000000,0.149000000000
1467331836,666.740000000000,0.062500000000
1467331842,666.800000000000,0.317000000000
1467331847,666.800000000000,0.444000000000
1467331858,666.800000000000,0.111500000000
1467331858,666.810000000000,0.210000000000
1467331862,667.070000000000,4.770000000000
1467331866,667.190000000000,3.452100000000
1467331866,667.180000000000,0.332900000000
1467331866,667.080000000000,2.167000000000
1467331872,667.190000000000,0.010000000000
1467331891,668.140000000000,0.051500000000
1467331973,668.330000000000,0.033500000000
1467332092,667.820000000000,0.112000000000
1467332092,667.820000000000,0.115000000000
1467332092,667.820000000000,0.112000000000
1467332092,667.820000000000,0.111000000000
1467332092,667.820000000000,0.117000000000
1467332093,667.820000000000,0.116000000000
1467332093,667.810000000000,0.230000000000
1467332093,667.720000000000,0.114000000000
1467332094,667.720000000000,0.118000000000
1467332096,667.720000000000,0.112000000000
1467332105,667.720000000000,3.598000000000
1467332112,667.740000000000,4.384000000000
1467332128,667.670000000000,0.080000000000
1467332128,667.410000000000,0.010000000000
1467332128,667.670000000000,0.020000000000
1467332128,667.670000000000,0.010000000000
1467332141,667.250000000000,2.872000000000
1467332250,667.690000000000,0.165800000000
1467332312,667.100000000000,0.115000000000
1467332312,667.100000000000,0.118000000000
1467332312,667.100000000000,0.150000000000
1467332312,667.100000000000,0.112000000000
1467332312,667.100000000000,0.098000000000
1467332312,667.100000000000,0.149000000000
1467332313,666.840000000000,0.111000000000
1467332313,667.100000000000,0.116000000000
1467332313,667.100000000000,0.118000000000
1467332314,666.840000000000,0.113000000000
1467332315,666.840000000000,0.114000000000
1467332339,667.150000000000,0.231300000000
1467332417,666.600000000000,0.100000000000
1467332421,667.150000000000,0.010000000000
1467332422,667.230000000000,0.010000000000
1467332469,667.330000000000,0.007000000000
1467332469,667.330000000000,0.040000000000
1467332492,666.790000000000,0.118000000000
1467332492,666.790000000000,0.117000000000
1467332492,666.790000000000,0.118000000000
1467332492,666.790000000000,0.111000000000
1467332493,666.790000000000,0.113000000000
1467332493,666.790000000000,0.112000000000
1467332494,666.920000000000,0.010000000000
1467332494,666.920000000000,0.010000000000
1467332494,667.030000000000,5.400000000000
1467332504,668.110000000000,0.028300000000
1467332590,668.190000000000,0.224000000000
1467332723,667.610000000000,0.117000000000
1467332723,667.610000000000,0.102000000000
1467332723,667.620000000000,0.941600000000
1467332723,667.610000000000,0.111000000000
1467332723,667.610000000000,0.117000000000
1467332723,667.610000000000,0.112000000000
1467332723,667.610000000000,0.115000000000
1467332724,667.570000000000,0.010000000000
1467332724,667.580000000000,0.270000000000
1467332724,667.610000000000,0.118000000000
1467332724,667.570000000000,0.040000000000
1467332724,667.610000000000,0.118000000000
1467332724,667.570000000000,0.209700000000
1467332724,667.560000000000,0.030000000000
1467332725,666.910000000000,3.900000000000
1467332725,667.360000000000,5.980000000000
1467332725,667.180000000000,0.040000000000
1467332725,667.050000000000,0.114000000000
1467332725,667.260000000000,0.150000000000
1467332729,666.440000000000,0.164500000000
1467332730,666.440000000000,0.453400000000
1467332740,666.440000000000,0.158200000000
1467332743,666.440000000000,3.898000000000
1467332743,666.440000000000,0.052700000000
1467332894,667.650000000000,0.016000000000
1467332896,668.260000000000,0.169900000000
1467332897,668.260000000000,6.000000000000
1467332915,668.260000000000,0.073000000000
1467332915,668.260000000000,0.113000000000
1467332916,668.070000000000,0.116000000000
1467332916,667.990000000000,2.140000000000
1467332916,668.080000000000,0.512800000000
1467332916,668.070000000000,0.111000000000
1467332916,668.070000000000,0.118000000000
1467332916,667.530000000000,4.020000000000
1467332916,668.070000000000,0.118000000000
1467332916,668.260000000000,0.112000000000
1467332918,666.860000000000,0.112000000000
1467332934,667.290000000000,6.000000000000
1467332952,668.340000000000,0.387700000000
1467332953,667.910000000000,0.112000000000
1467332953,667.370000000000,1.990000000000
1467332953,667.010000000000,4.100000000000
1467332973,667.220000000000,6.000000000000
1467332973,667.050000000000,0.371000000000
1467332988,667.850000000000,0.111000000000
1467332989,667.220000000000,0.114000000000
1467332989,667.850000000000,0.116000000000
1467332989,667.850000000000,0.118000000000
1467332991,667.220000000000,0.117000000000
1467332992,667.220000000000,1.970000000000
1467332992,667.340000000000,4.050000000000
1467333011,667.510000000000,6.000000000000
1467333011,667.350000000000,0.221100000000
1467333013,667.840000000000,0.390000000000
1467333051,667.560000000000,0.425200000000
1467333053,667.560000000000,5.841600000000
1467333053,667.570000000000,0.158400000000
1467333065,667.180000000000,3.860000000000
1467333080,667.230000000000,0.692000000000
1467333484,668.660000000000,0.020500000000
1467333659,669.730000000000,0.016700000000
1467333757,670.180000000000,0.034600000000
1467333908,669.830000000000,0.458600000000
1467333966,669.230000000000,0.150000000000
1467333966,669.230000000000,0.149000000000
1467333966,669.230000000000,0.149000000000
1467333966,669.230000000000,0.149000000000
1467333966,669.230000000000,0.150000000000
1467333967,669.230000000000,0.150000000000
1467333967,669.230000000000,0.149000000000
1467333967,669.230000000000,0.149000000000
1467333967,669.230000000000,0.150000000000
1467333967,669.230000000000,0.111000000000
1467333967,669.230000000000,0.114000000000
1467333967,669.230000000000,0.149000000000
1467333968,669.230000000000,0.118000000000
1467333968,669.230000000000,0.112000000000
1467333968,669.230000000000,0.112000000000
1467333968,669.230000000000,0.116000000000
1467333968,669.230000000000,0.113000000000
1467333968,669.230000000000,0.112000000000
1467333969,669.130000000000,0.700000000000
1467334247,669.660000000000,0.012800000000
1467334350,669.120000000000,0.128300000000
1467334437,669.390000000000,0.023100000000
1467334524,669.270000000000,0.513000000000
1467334666,668.750000000000,0.091000000000
1467334666,668.750000000000,0.112000000000
1467334666,668.750000000000,0.150000000000
1467334666,668.750000000000,0.112000000000
1467334666,668.750000000000,0.118000000000
1467334667,668.750000000000,0.113000000000
1467334667,668.750000000000,0.117000000000
1467334667,668.750000000000,0.112000000000
1467334667,668.750000000000,0.111000000000
1467334667,668.380000000000,1.217100000000
1467334667,668.750000000000,0.116000000000
1467334668,668.370000000000,5.890000000000
1467334668,668.050000000000,4.040000000000
1467334709,667.530000000000,1.878000000000
1467334710,667.530000000000,0.147000000000
1467334710,667.530000000000,0.149000000000
1467334710,667.530000000000,0.148000000000
1467334710,667.530000000000,0.147000000000
1467334710,667.530000000000,0.147000000000
1467334710,667.530000000000,0.148000000000
1467334710,667.530000000000,0.148000000000
1467334711,667.530000000000,0.148000000000
1467334711,667.530000000000,0.148000000000
1467334711,667.530000000000,0.148000000000
1467334711,667.530000000000,0.147000000000
1467334711,667.530000000000,0.147000000000
1467334712,667.470000000000,1.187000000000
1467334712,667.300000000000,4.450000000000
1467334712,667.000000000000,1.224000000000
1467334713,666.510000000000,0.147000000000
1467334714,666.510000000000,0.148000000000
1467334714,666.510000000000,0.148000000000
1467334714,666.510000000000,0.148000000000
1467334715,666.510000000000,3.588000000000
1467334716,666.500000000000,1.852000000000
1467334720,666.530000000000,3.098000000000
1467334755,666.630000000000,4.436000000000
1467334761,666.450000000000,0.943000000000
1467334763,666.700000000000,0.098300000000
1467334779,666.780000000000,0.117000000000
1467334779,666.780000000000,0.114000000000
1467334843,666.880000000000,6.000000000000
1467334846,667.310000000000,2.531000000000
1467334863,667.920000000000,0.015400000000
1467334887,667.360000000000,0.112000000000
1467334887,667.360000000000,0.151000000000
1467334921,667.370000000000,0.164000000000
1467334921,667.360000000000,0.114000000000
1467334922,667.380000000000,1.347000000000
1467334922,667.340000000000,1.877000000000
1467334925,667.490000000000,2.402000000000
1467334930,667.620000000000,2.907000000000
1467335016,667.880000000000,0.018000000000
1467335101,667.890000000000,0.043700000000
1467335207,668.280000000000,1.494000000000
1467335207,668.280000000000,0.504300000000
1467335207,667.880000000000,1.235000000000
1467335210,668.300000000000,1.485000000000
1467335210,668.420000000000,1.253000000000
1467335213,668.890000000000,1.139000000000
1467335214,669.050000000000,2.541000000000
1467335215,669.310000000000,0.200000000000
1467335215,669.310000000000,0.200000000000
1467335215,669.410000000000,1.164000000000
1467335215,669.170000000000,0.200000000000
1467335215,669.290000000000,0.210000000000
1467335216,669.000000000000,1.528000000000
1467335219,669.300000000000,1.440000000000
1467335220,669.790000000000,0.504300000000
1467335220,669.870000000000,1.435000000000
1467335223,670.280000000000,1.859000000000
1467335224,670.280000000000,3.639000000000
1467335224,670.280000000000,0.200000000000
1467335225,670.310000000000,0.200000000000
1467335225,670.310000000000,0.210000000000
1467335229,670.310000000000,3.903000000000
1467335235,670.230000000000,3.741900000000
1467335235,670.320000000000,0.458100000000
1467335235,670.290000000000,0.130000000000
1467335253,670.380000000000,0.160000000000
1467335274,671.310000000000,1.179700000000
1467335276,671.310000000000,0.601600000000
1467335278,671.270000000000,0.306900000000
1467335331,671.450000000000,0.040000000000
1467335331,671.460000000000,0.010000000000
1467335331,671.460000000000,0.010000000000
1467335332,671.140000000000,1.770000000000
1467335332,671.140000000000,6.000000000000
1467335340,671.300000000000,3.360000000000
1467335343,671.320000000000,5.131000000000
1467335549,672.090000000000,0.222100000000
1467335662,672.060000000000,1.300000000000
1467335662,672.060000000000,0.010000000000
1467335666,672.050000000000,3.812000000000
1467335700,672.510000000000,0.014100000000
1467335802,672.480000000000,0.050000000000
1467335802,672.480000000000,0.076700000000
1467335860,672.050000000000,0.010000000000
1467335860,672.050000000000,0.020000000000
1467335893,671.540000000000,0.369500000000
1467336207,672.160000000000,2.041000000000
1467336244,672.510000000000,0.383000000000
1467336360,671.980000000000,4.199000000000
1467336390,672.510000000000,0.021700000000
1467336761,672.340000000000,0.148300000000
1467337144,672.200000000000,4.654000000000
1467337154,672.200000000000,3.217000000000
1467337164,672.200000000000,1.429000000000
1467337425,672.420000000000,0.112000000000
1467337425,672.420000000000,0.113000000000
1467337425,672.420000000000,0.117000000000
1467337425,672.420000000000,0.110000000000
1467337426,672.420000000000,0.118000000000
1467337426,672.420000000000,0.111000000000
1467337637,672.170000000000,0.051100000000
1467337833,672.180000000000,3.714000000000
1467337834,672.420000000000,0.058000000000
1467337890,672.420000000000,2.936000000000
1467338000,673.490000000000,0.433900000000
1467338058,673.260000000000,6.000000000000
1467338058,673.260000000000,0.147000000000
1467338059,673.260000000000,0.146000000000
1467338059,673.260000000000,0.147000000000
1467338059,673.260000000000,0.147000000000
1467338059,673.260000000000,0.146000000000
1467338059,673.260000000000,0.146000000000
1467338059,673.260000000000,0.146000000000
1467338060,673.260000000000,0.146000000000
1467338060,673.260000000000,0.147000000000
1467338060,673.260000000000,0.146000000000
1467338060,673.260000000000,0.147000000000
1467338060,673.260000000000,0.147000000000
1467338060,673.260000000000,0.147000000000
1467338060,673.260000000000,0.147000000000
1467338061,673.260000000000,0.114000000000
1467338061,673.260000000000,0.146000000000
1467338061,673.260000000000,0.110000000000
1467338061,673.260000000000,0.115000000000
1467338061,673.260000000000,0.146000000000
1467338061,673.260000000000,0.111000000000
1467338061,673.260000000000,0.117000000000
1467338062,673.170000000000,0.111000000000
1467338062,673.260000000000,0.112000000000
1467338062,673.170000000000,0.107000000000
1467338068,673.320000000000,0.303000000000
1467338120,673.330000000000,0.113000000000
1467338120,673.330000000000,0.110000000000
1467338120,673.330000000000,0.111000000000
1467338120,673.330000000000,0.100000000000
1467338120,673.330000000000,0.116000000000
1467338120,673.330000000000,0.116000000000
1467338121,673.330000000000,0.111000000000
1467338121,673.330000000000,0.117000000000
1467338121,673.320000000000,5.960000000000
1467338389,671.920000000000,0.003800000000
1467338666,671.920000000000,0.010200000000
1467338750,672.320000000000,0.083100000000
1467339049,672.200000000000,4.538000000000
1467339197,672.170000000000,0.297300000000
1467339210,672.170000000000,0.025600000000
1467339296,672.170000000000,0.186900000000
1467339296,671.980000000000,6.030000000000
1467339395,672.010000000000,3.544000000000
1467339402,672.110000000000,4.566000000000
1467339441,672.360000000000,0.148200000000
1467339500,673.490000000000,0.719500000000
1467339519,673.890000000000,0.100000000000
1467339530,674.580000000000,3.104000000000
1467339537,674.570000000000,0.220000000000
1467339538,674.580000000000,46.896000000000
1467339553,675.620000000000,0.370000000000
1467339554,675.620000000000,0.070000000000
1467339563,675.660000000000,0.330000000000
1467339586,675.990000000000,0.050000000000
1467339591,675.990000000000,0.060000000000
1467339591,675.990000000000,0.010000000000
1467339596,676.080000000000,0.330000000000
1467339619,677.450000000000,0.050000000000
1467339621,677.450000000000,0.160000000000
1467339626,677.450000000000,0.230000000000
1467339651,677.450000000000,0.111000000000
1467339651,677.450000000000,0.115000000000
1467339652,677.070000000000,0.384100000000
1467339652,677.060000000000,0.109000000000
1467339652,677.060000000000,3.000000000000
1467339652,677.060000000000,0.115000000000
1467339652,677.100000000000,3.000000000000
1467339652,677.060000000000,0.117000000000
1467339655,677.170000000000,0.116000000000
1467339658,677.170000000000,0.583500000000
1467339660,677.210000000000,0.084900000000
1467339661,677.210000000000,0.145000000000
1467339661,677.210000000000,0.145000000000
1467339661,677.210000000000,0.145000000000
1467339662,677.210000000000,0.145000000000
1467339662,677.210000000000,0.145000000000
1467339678,677.450000000000,0.146000000000
1467339678,677.450000000000,0.146000000000
1467339678,677.450000000000,0.126000000000
1467339678,677.450000000000,0.146000000000
1467339679,677.450000000000,0.146000000000
1467339679,677.450000000000,0.110000000000
1467339685,677.450000000000,0.115000000000
1467339685,677.450000000000,0.111000000000
1467339686,677.450000000000,0.094000000000
1467339689,677.450000000000,0.112000000000
1467339689,677.450000000000,0.145000000000
1467339689,677.450000000000,0.021000000000
1467339690,677.450000000000,0.145000000000
1467339690,677.450000000000,0.146000000000
1467339690,677.450000000000,0.145000000000
1467339690,677.450000000000,0.146000000000
1467339696,677.450000000000,0.104000000000
1467339696,677.450000000000,0.146000000000
1467339703,676.730000000000,0.050000000000
1467339772,677.400000000000,0.001000000000
1467339778,677.630000000000,2.922000000000
1467339806,677.800000000000,0.040000000000
1467339806,677.800000000000,0.010000000000
1467339813,677.870000000000,0.051700000000
1467339814,678.060000000000,3.549000000000
1467339824,678.060000000000,0.030000000000
1467339831,678.340000000000,2.682000000000
1467339843,678.500000000000,50.000000000000
1467339843,678.700000000000,3.000000000000
1467339855,678.870000000000,0.185600000000
1467339855,678.560000000000,0.111000000000
1467339855,678.560000000000,0.115000000000
1467339856,678.560000000000,0.146000000000
1467339856,678.450000000000,6.100000000000
1467339856,678.560000000000,0.112000000000
1467339856,678.560000000000,0.115000000000
1467339856,678.560000000000,0.110000000000
1467339857,678.450000000000,0.077000000000
1467339857,678.370000000000,4.060000000000
1467339857,678.860000000000,0.115000000000
1467339858,678.580000000000,5.900000000000
1467339859,678.380000000000,0.110000000000
1467339860,678.380000000000,0.145000000000
1467339860,678.380000000000,0.145000000000
1467339892,678.380000000000,2.000000000000
1467339996,679.370000000000,1.711000000000
1467340001,679.720000000000,2.768000000000
1467340055,679.980000000000,3.164000000000
1467340056,680.000000000000,2.188000000000
1467340077,680.050000000000,3.630000000000
1467340095,680.050000000000,0.220000000000
1467340095,680.050000000000,0.210000000000
1467340096,680.050000000000,0.116000000000
1467340096,680.050000000000,0.114000000000
1467340096,680.050000000000,0.111000000000
1467340096,680.050000000000,0.110000000000
1467340097,680.050000000000,0.115000000000
1467340097,680.040000000000,1.780000000000
1467340099,680.040000000000,0.112000000000
1467340100,680.040000000000,0.112000000000
1467340100,680.040000000000,0.115000000000
1467340100,680.040000000000,0.108000000000
1467340102,680.150000000000,0.007000000000
1467340104,679.960000000000,0.410000000000
1467340104,679.820000000000,0.360000000000
1467340105,679.510000000000,0.250000000000
1467340177,679.100000000000,0.011400000000
1467340228,678.440000000000,0.420000000000
1467340228,678.440000000000,0.010000000000
1467340228,678.440000000000,0.060000000000
1467340228,678.440000000000,0.040000000000
1467340229,678.440000000000,0.109000000000
1467340229,678.440000000000,0.110000000000
1467340262,677.940000000000,0.026500000000
1467340272,677.930000000000,0.090000000000
1467340277,677.940000000000,0.020000000000
1467340278,677.950000000000,4.788000000000
1467340278,677.890000000000,2.030000000000
1467340283,677.750000000000,0.060000000000
1467340284,677.940000000000,0.070000000000
1467340284,677.970000000000,3.937000000000
1467340286,677.890000000000,0.086000000000
1467340286,677.890000000000,0.146000000000
1467340287,677.890000000000,0.120400000000
1467340321,677.890000000000,0.014800000000
1467340347,678.230000000000,0.025300000000
1467340434,678.450000000000,0.145000000000
1467340434,678.450000000000,0.260000000000
1467340434,678.450000000000,0.147000000000
1467340435,678.450000000000,0.145000000000
1467340435,678.450000000000,0.146000000000
1467340435,678.450000000000,0.146000000000
1467340436,678.450000000000,0.146000000000
1467340436,678.450000000000,0.145000000000
1467340436,678.450000000000,0.145000000000
1467340436,678.450000000000,0.010000000000
1467340437,678.450000000000,0.145000000000
1467340437,678.450000000000,0.144000000000
1467340437,678.450000000000,0.145000000000
1467340438,678.450000000000,0.144000000000
1467340619,679.170000000000,0.252600000000
1467340717,678.730000000000,2.129000000000
1467340721,678.730000000000,4.082000000000
1467340773,679.410000000000,0.084600000000
1467340796,678.730000000000,0.145000000000
1467340797,678.730000000000,0.146000000000
1467340797,678.730000000000,0.060000000000
1467340797,678.730000000000,0.095000000000
1467340797,678.730000000000,0.146000000000
1467340797,678.730000000000,0.112000000000
1467340797,678.730000000000,0.116000000000
1467340797,678.730000000000,0.146000000000
1467340798,678.730000000000,0.115000000000
1467340798,678.730000000000,0.114000000000
1467340798,678.730000000000,0.112000000000
1467340798,678.730000000000,0.111000000000
1467340798,678.730000000000,0.115000000000
1467340798,678.730000000000,0.110000000000
1467340798,678.730000000000,0.110000000000
1467340860,679.240000000000,0.081900000000
1467340860,679.230000000000,0.019100000000
1467341011,679.230000000000,0.064000000000
1467341011,679.240000000000,0.188800000000
1467341141,678.790000000000,4.696000000000
1467341150,678.790000000000,0.080000000000
1467341173,678.680000000000,0.147000000000
1467341174,678.680000000000,0.147000000000
1467341174,678.680000000000,0.147000000000
1467341174,678.680000000000,0.148000000000
1467341174,678.680000000000,0.147000000000
1467341175,678.680000000000,0.148000000000
1467341175,678.680000000000,0.149000000000
1467341175,678.680000000000,0.148000000000
1467341176,678.680000000000,0.147000000000
1467341176,678.680000000000,0.147000000000
1467341186,678.030000000000,3.752000000000
1467341220,678.380000000000,0.206200000000
1467341221,678.390000000000,1.703200000000
1467341340,678.690000000000,5.000000000000
1467341395,679.190000000000,0.455800000000
1467341484,678.680000000000,0.063300000000
1467341793,679.240000000000,0.164400000000
1467341847,679.240000000000,5.120000000000
1467341890,679.590000000000,2.000000000000
1467341895,679.590000000000,0.015200000000
1467342151,680.000000000000,0.014900000000
1467342157,680.000000000000,10.000000000000
1467342215,680.010000000000,0.115000000000
1467342216,680.010000000000,0.110000000000
1467342216,680.010000000000,0.111000000000
1467342216,680.010000000000,0.113000000000
1467342217,680.000000000000,1.680800000000
1467342217,680.010000000000,0.116000000000
1467342217,680.010000000000,0.109000000000
1467342244,680.000000000000,54.578200000000
1467342245,680.000000000000,11.726100000000
1467342316,680.100000000000,0.286100000000
1467342326,680.380000000000,6.509200000000
1467342336,680.690000000000,0.450000000000
1467342336,680.700000000000,0.454200000000
1467342337,680.680000000000,2.793800000000
1467342495,680.210000000000,0.347200000000
1467342543,680.130000000000,0.409400000000
1467342544,680.150000000000,1.678100000000
1467342627,679.680000000000,0.282800000000
1467342628,679.690000000000,0.045400000000
1467342632,679.420000000000,0.111000000000
1467342632,679.420000000000,0.115000000000
1467342632,679.420000000000,0.113000000000
1467342660,679.390000000000,0.573300000000
1467342661,679.400000000000,1.706700000000
1467342673,677.890000000000,0.080000000000
1467342675,677.030000000000,1.930000000000
1467342675,677.110000000000,1.796000000000
1467342677,676.840000000000,0.116000000000
1467342678,676.840000000000,0.110000000000
1467342678,676.840000000000,0.113000000000
1467342679,676.840000000000,0.110000000000
1467342679,676.840000000000,3.862000000000
1467342680,676.610000000000,0.109000000000
1467342681,676.610000000000,0.110000000000
1467342681,675.770000000000,2.008000000000
1467342681,676.550000000000,2.153000000000
1467342681,676.010000000000,1.736000000000
1467342682,675.420000000000,1.720000000000
1467342682,675.450000000000,2.061000000000
1467342683,674.960000000000,2.078000000000
1467342684,674.760000000000,4.401000000000
1467342684,674.580000000000,0.261900000000
1467342685,675.750000000000,0.149000000000
1467342685,674.460000000000,1.536000000000
1467342686,674.390000000000,0.148000000000
1467342686,674.390000000000,2.896000000000
1467342686,674.390000000000,7.152000000000
1467342688,674.000000000000,1.409000000000
1467342689,673.580000000000,4.382000000000
1467342690,673.450000000000,1.573000000000
1467342691,672.980000000000,1.405000000000
1467342692,672.960000000000,1.878000000000
1467342693,672.590000000000,0.147000000000
1467342693,672.590000000000,0.148000000000
1467342694,672.510000000000,1.970000000000
1467342694,672.050000000000,2.125000000000
1467342695,671.980000000000,0.145000000000
1467342696,671.980000000000,0.146000000000
1467342697,671.950000000000,1.835000000000
1467342697,673.070000000000,0.147000000000
1467342697,671.980000000000,1.741000000000
1467342698,671.640000000000,0.146000000000
1467342698,671.640000000000,0.577000000000
1467342698,671.640000000000,0.146000000000
1467342699,671.640000000000,0.147000000000
1467342700,671.540000000000,0.149000000000
1467342700,671.540000000000,1.963000000000
1467342701,671.510000000000,0.147000000000
1467342701,671.510000000000,0.147000000000
1467342701,671.510000000000,0.149000000000
1467342702,671.510000000000,0.148000000000
1467342702,671.510000000000,0.794000000000
1467342703,671.510000000000,0.148000000000
1467342703,671.510000000000,0.020000000000
1467342703,671.510000000000,0.150000000000
1467342704,671.340000000000,0.146000000000
1467342704,671.470000000000,2.400000000000
1467342704,671.340000000000,0.147000000000
1467342705,671.340000000000,0.051900000000
1467342705,671.340000000000,0.147000000000
1467342706,671.230000000000,0.148000000000
1467342706,671.230000000000,0.500000000000
1467342706,671.230000000000,0.146000000000
1467342707,671.230000000000,2.057000000000
1467342707,673.450000000000,0.146000000000
1467342708,671.080000000000,0.147000000000
1467342709,671.080000000000,0.146000000000
1467342709,673.450000000000,0.097400000000
1467342714,671.640000000000,2.995000000000
1467342714,673.450000000000,0.050600000000
1467342714,672.540000000000,0.770000000000
1467342720,671.280000000000,1.759000000000
1467342720,671.280000000000,2.987000000000
1467342721,671.400000000000,1.454000000000
1467342721,671.400000000000,1.141000000000
1467342724,672.270000000000,0.058000000000
1467342733,672.290000000000,0.121200000000
1467342733,672.460000000000,0.051900000000
1467342735,672.710000000000,0.500000000000
1467342736,672.500000000000,1.108000000000
1467342740,672.700000000000,0.135300000000
1467342740,672.710000000000,0.596000000000
1467342742,673.210000000000,1.038000000000
1467342742,672.500000000000,0.904000000000
1467342742,673.100000000000,0.020000000000
1467342743,673.250000000000,0.122900000000
1467342749,673.250000000000,1.219000000000
1467342749,673.250000000000,0.618000000000
1467342755,673.200000000000,0.949000000000
1467342755,673.680000000000,0.500000000000
1467342762,673.210000000000,1.522000000000
1467342766,673.200000000000,1.894000000000
1467342767,673.680000000000,0.166000000000
1467342768,674.020000000000,0.922000000000
1467342768,674.200000000000,0.861000000000
1467342772,674.210000000000,1.583000000000
1467342782,674.260000000000,0.115000000000
1467342782,674.260000000000,0.010000000000
1467342783,674.260000000000,0.115000000000
1467342783,674.260000000000,0.113000000000
1467342785,674.260000000000,0.116000000000
1467342785,674.260000000000,0.117000000000
1467342786,674.220000000000,0.111000000000
1467342788,674.220000000000,0.111000000000
1467342788,674.030000000000,1.759000000000
1467342789,674.220000000000,0.821000000000
1467342789,674.210000000000,1.260000000000
1467342798,675.160000000000,0.837000000000
1467342801,675.160000000000,2.163000000000
1467342819,675.470000000000,2.000000000000
1467342834,675.600000000000,6.000000000000
1467342854,675.660000000000,3.500000000000
1467342855,675.710000000000,0.800000000000
1467342857,675.640000000000,0.300000000000
1467342870,675.640000000000,3.000000000000
1467342877,675.670000000000,1.000000000000
1467342904,675.170000000000,0.113000000000
1467342904,675.170000000000,0.109000000000
1467342904,675.170000000000,0.146000000000
1467342904,675.170000000000,0.148000000000
1467342905,675.140000000000,0.111000000000
1467342915,676.260000000000,0.441900000000
1467342915,676.210000000000,1.196000000000
1467342915,676.670000000000,1.158000000000
1467342916,676.720000000000,1.358000000000
1467342918,676.720000000000,2.717000000000
1467342921,676.650000000000,2.667000000000
1467343026,677.200000000000,0.463500000000
1467343112,677.200000000000,0.036500000000
1467343113,677.480000000000,0.322000000000
1467343322,678.180000000000,0.001500000000
1467343326,677.800000000000,0.500000000000
1467343327,677.800000000000,0.115000000000
1467343327,677.800000000000,0.109000000000
1467343327,677.800000000000,0.116000000000
1467343327,677.800000000000,0.115000000000
1467343328,677.760000000000,0.111000000000
1467343328,677.760000000000,0.113000000000
1467343329,677.760000000000,0.110000000000
1467343329,677.760000000000,0.117000000000
1467343330,677.760000000000,0.111000000000
1467343383,678.020000000000,0.259400000000
1467343432,677.660000000000,1.192000000000
1467343436,677.820000000000,2.623000000000
1467343438,677.720000000000,3.572000000000
1467343712,677.860000000000,0.116000000000
1467343712,677.580000000000,0.111000000000
1467343712,677.850000000000,0.111000000000
1467343712,677.860000000000,0.117000000000
1467343712,677.860000000000,0.165700000000
1467343713,677.580000000000,0.110000000000
1467343738,677.860000000000,0.147000000000
1467343738,677.860000000000,0.146000000000
1467343738,677.860000000000,0.146000000000
1467343738,677.860000000000,0.146000000000
1467343738,677.860000000000,0.146000000000
1467343739,677.860000000000,0.147000000000
1467343739,677.860000000000,0.147000000000
1467343739,677.860000000000,0.147000000000
1467343739,677.860000000000,0.115000000000
1467343739,677.860000000000,0.226000000000
1467343739,677.860000000000,0.147000000000
1467343739,677.860000000000,0.225000000000
1467343739,677.860000000000,0.115000000000
1467343740,677.860000000000,0.146000000000
1467343740,677.860000000000,0.146000000000
1467343740,677.860000000000,0.147000000000
1467343740,677.860000000000,0.147000000000
1467343740,677.860000000000,0.147000000000
1467343740,677.860000000000,0.147000000000
1467343740,677.860000000000,0.148000000000
1467343741,677.780000000000,0.109000000000
1467344092,680.280000000000,4.102000000000
1467344123,681.330000000000,1.031000000000
1467344124,681.330000000000,1.000000000000
1467344131,681.330000000000,1.000000000000
1467344136,681.330000000000,0.610800000000
1467344144,681.330000000000,2.618000000000
1467344151,681.330000000000,2.608000000000
1467344169,681.330000000000,41.132200000000
1467344187,682.360000000000,1.000000000000
1467344228,682.380000000000,0.366400000000
1467344334,683.220000000000,0.500000000000
1467344335,683.220000000000,0.120000000000
1467344335,683.220000000000,0.001000000000
1467344344,683.220000000000,0.040000000000
1467344345,683.400000000000,3.659000000000
1467344358,683.520000000000,3.501000000000
1467344364,683.350000000000,0.112000000000
1467344366,683.350000000000,0.112000000000
1467344368,683.350000000000,0.109000000000
1467344368,683.350000000000,0.114000000000
1467344369,683.350000000000,0.108000000000
1467344370,683.350000000000,0.111000000000
1467344370,683.350000000000,0.115000000000
1467344371,683.350000000000,0.218000000000
1467344411,683.640000000000,1.081000000000
1467344412,683.650000000000,0.819000000000
1467344423,683.650000000000,0.100000000000
1467344472,683.850000000000,0.500000000000
1467344502,683.850000000000,0.500000000000
1467344513,683.850000000000,0.115000000000
1467344533,683.850000000000,0.500000000000
1467344550,683.850000000000,0.112000000000
1467344563,683.850000000000,0.500000000000
1467344577,683.850000000000,0.067000000000
1467344582,683.850000000000,0.109000000000
1467344598,683.850000000000,0.112000000000
1467344599,683.850000000000,0.114000000000
1467344599,683.850000000000,0.114000000000
1467344617,683.850000000000,0.108000000000
1467344633,683.850000000000,0.115000000000
1467344650,683.850000000000,0.111000000000
1467344665,683.850000000000,0.108000000000
1467344708,683.850000000000,26.000000000000
1467344714,683.850000000000,0.110000000000
1467344718,683.850000000000,0.773400000000
1467344719,683.850000000000,0.010000000000
1467344720,684.410000000000,3.000000000000
1467344723,684.220000000000,1.831000000000
1467344724,684.230000000000,3.169000000000
1467344725,684.270000000000,5.000000000000
1467344738,684.210000000000,1.511000000000
1467344738,684.220000000000,47.309000000000
1467344738,684.050000000000,0.180000000000
1467344745,684.550000000000,1.546000000000
1467344746,684.560000000000,3.454000000000
1467344746,684.560000000000,5.000000000000
1467344749,684.510000000000,4.255700000000
1467344752,684.380000000000,48.000000000000
1467344760,683.850000000000,0.145000000000
1467344760,683.850000000000,0.146000000000
1467344760,683.850000000000,0.145000000000
1467344761,683.850000000000,0.144000000000
1467344761,683.850000000000,0.146000000000
1467344761,683.850000000000,0.148000000000
1467344762,683.850000000000,0.145000000000
1467344762,683.850000000000,0.148000000000
1467344762,683.850000000000,0.145000000000
1467344763,683.850000000000,0.147000000000
1467344763,683.850000000000,0.145000000000
1467344763,683.850000000000,0.142000000000
1467344763,683.850000000000,0.147000000000
1467344764,683.850000000000,0.147000000000
1467344764,683.850000000000,0.145000000000
1467344764,683.850000000000,0.148000000000
1467344765,683.850000000000,0.147000000000
1467344765,683.850000000000,0.148000000000
1467344765,683.850000000000,0.144000000000
1467344765,683.850000000000,0.145000000000
1467344766,683.850000000000,0.145000000000
1467344766,683.850000000000,0.147000000000
1467344766,683.850000000000,0.148000000000
1467344767,683.850000000000,0.145000000000
1467344767,683.850000000000,0.145000000000
1467344767,683.850000000000,0.145000000000
1467344767,683.850000000000,0.060000000000
1467344768,683.850000000000,0.115000000000
1467344768,683.850000000000,0.010000000000
1467344768,683.850000000000,0.108000000000
1467344769,683.850000000000,0.040000000000
1467344777,683.850000000000,0.010000000000
1467344777,683.850000000000,0.116000000000
1467344778,683.850000000000,0.070000000000
1467344778,683.850000000000,0.108000000000
1467344786,683.660000000000,4.659000000000
1467344790,683.660000000000,3.845000000000
1467344794,683.660000000000,0.010000000000
1467344794,683.660000000000,21.496000000000
1467344902,683.210000000000,0.355400000000
1467344902,683.450000000000,73.617800000000
1467344921,683.210000000000,4.526800000000
1467344921,683.210000000000,0.010000000000
1467344955,684.600000000000,6.000000000000
1467344956,684.730000000000,41.000000000000
1467344969,683.810000000000,0.010000000000
1467344970,683.810000000000,0.110000000000
1467344970,683.800000000000,0.040000000000
1467344990,683.090000000000,3.691000000000
1467345003,683.210000000000,40.450000000000
1467345037,684.020000000000,0.185000000000
1467345159,684.170000000000,0.147000000000
1467345160,684.170000000000,0.147000000000
1467345161,684.170000000000,0.147000000000
1467345161,684.170000000000,0.148000000000
1467345161,684.170000000000,0.148000000000
1467345161,684.170000000000,0.147000000000
1467345162,684.170000000000,0.147000000000
1467345162,684.170000000000,0.148000000000
1467345162,684.170000000000,0.147000000000
1467345163,684.170000000000,0.148000000000
1467345227,684.060000000000,4.908000000000
1467345241,684.060000000000,0.070000000000
1467345258,683.840000000000,5.226000000000
1467345474,683.550000000000,0.145000000000
1467345475,683.550000000000,0.001800000000
1467345682,683.550000000000,0.037600000000
1467345766,683.550000000000,0.043900000000
1467345818,683.550000000000,0.061700000000
1467345819,683.550000000000,0.145000000000
1467345819,683.550000000000,0.145000000000
1467345819,683.550000000000,0.147000000000
1467345819,683.550000000000,0.145000000000
1467345819,683.550000000000,0.144000000000
1467345819,683.550000000000,0.146000000000
1467345820,683.550000000000,0.145000000000
1467345820,683.550000000000,0.145000000000
1467345820,683.550000000000,0.145000000000
1467345975,683.600000000000,0.146000000000
1467345975,683.600000000000,0.144000000000
1467346026,683.790000000000,5.168000000000
1467346033,683.800000000000,5.898000000000
1467346191,683.790000000000,0.060000000000
1467346311,683.920000000000,0.068500000000
1467346477,684.150000000000,0.169700000000
1467346563,684.140000000000,0.015100000000
1467346772,684.220000000000,0.067900000000
1467346919,684.930000000000,0.030100000000
1467347688,685.190000000000,0.028900000000
1467347834,685.390000000000,0.015100000000
1467347921,684.780000000000,4.848000000000
1467348096,684.880000000000,1.150000000000
1467348097,684.870000000000,4.037000000000
1467348097,684.880000000000,0.010000000000
1467348097,684.880000000000,0.010000000000
1467348101,684.800000000000,4.025000000000
1467348232,685.160000000000,0.200800000000
1467348505,685.000000000000,0.338800000000
1467348673,684.490000000000,11.000000000000
1467348684,683.990000000000,0.050000000000
1467348970,681.610000000000,0.070000000000
1467348978,681.840000000000,5.146000000000
1467349008,681.930000000000,4.799000000000
1467349093,682.340000000000,0.333500000000
1467349281,682.530000000000,1.116800000000
1467349282,682.540000000000,1.593200000000
1467349282,682.530000000000,0.290000000000
1467349300,681.500000000000,4.226000000000
1467349409,681.400000000000,0.040000000000
1467349409,681.250000000000,2.960000000000
1467349510,681.500000000000,4.587000000000
1467349541,681.500000000000,4.864000000000
1467349578,681.500000000000,3.579000000000
1467349580,681.500000000000,72.918400000000
1467349584,681.500000000000,2.965000000000
1467349585,681.500000000000,3.000000000000
1467349595,681.500000000000,2.812000000000
1467349597,681.500000000000,3.000000000000
1467349600,681.500000000000,70.512700000000
1467349601,681.500000000000,27.535900000000
1467349606,682.840000000000,3.000000000000
1467349614,682.930000000000,3.000000000000
1467349624,682.970000000000,3.000000000000
1467349637,683.370000000000,1.785000000000
1467349638,683.400000000000,1.215000000000
1467349647,683.400000000000,3.000000000000
1467349656,683.880000000000,1.588000000000
1467349656,683.930000000000,1.412000000000
1467349664,682.950000000000,3.000000000000
1467349761,683.570000000000,4.495000000000
1467349790,684.440000000000,2.453000000000
1467349791,684.440000000000,2.263000000000
1467349791,684.290000000000,3.582000000000
1467349795,684.630000000000,0.010000000000
1467349927,684.940000000000,0.018800000000
1467349970,684.580000000000,0.020000000000
1467349971,684.580000000000,0.020000000000
1467350045,684.190000000000,0.110000000000
1467350057,682.980000000000,0.020000000000
1467350090,682.820000000000,0.148000000000
1467350090,682.820000000000,0.110000000000
1467350090,682.820000000000,0.147000000000
1467350090,682.820000000000,0.147000000000
1467350091,682.820000000000,0.147000000000
1467350091,682.820000000000,0.147000000000
1467350091,682.820000000000,0.148000000000
1467350091,682.820000000000,0.149000000000
1467350091,682.820000000000,0.147000000000
1467350295,682.590000000000,0.070000000000
1467350295,682.590000000000,0.010000000000
1467350296,682.750000000000,0.245900000000
1467350296,682.760000000000,5.900000000000
1467350296,682.590000000000,0.010000000000
1467350410,681.380000000000,0.147000000000
1467350410,681.380000000000,0.148000000000
1467350414,681.330000000000,4.103000000000
1467350419,681.330000000000,0.030000000000
1467350419,681.360000000000,0.120000000000
1467350442,680.890000000000,2.438000000000
1467350442,680.890000000000,0.030000000000
1467350443,680.890000000000,0.050000000000
1467350444,680.410000000000,0.044200000000
1467350444,680.350000000000,2.108000000000
1467350444,680.760000000000,0.080000000000
1467350445,680.190000000000,5.870000000000
1467350445,680.260000000000,2.620000000000
1467350447,680.280000000000,3.537000000000
1467350452,679.910000000000,3.000000000000
1467350452,679.850000000000,1.502000000000
1467350506,679.980000000000,1.978000000000
1467350507,679.960000000000,0.113000000000
1467350507,679.970000000000,1.650000000000
1467350507,679.960000000000,0.116000000000
1467350508,679.960000000000,0.109000000000
1467350508,679.960000000000,0.115000000000
1467350508,679.960000000000,0.111000000000
1467350508,679.960000000000,0.113000000000
1467350508,679.960000000000,0.116000000000
1467350508,679.960000000000,0.115000000000
1467350509,679.860000000000,1.409000000000
1467350509,679.880000000000,0.108000000000
1467350512,679.910000000000,4.058000000000
1467350513,679.900000000000,3.000000000000
1467350521,679.930000000000,3.000000000000
1467350698,680.620000000000,0.031500000000
1467351255,682.050000000000,0.503600000000
1467351337,682.830000000000,0.015100000000
1467351544,682.670000000000,0.066700000000
1467351636,682.000000000000,0.147000000000
1467351636,682.000000000000,0.147000000000
1467351637,682.000000000000,0.148000000000
1467351637,682.000000000000,0.147000000000
1467351637,682.000000000000,0.146000000000
1467351637,682.000000000000,0.148000000000
1467351638,682.000000000000,0.147000000000
1467351638,682.000000000000,0.147000000000
1467351638,682.000000000000,0.147000000000
1467351638,682.000000000000,0.148000000000
1467351721,681.850000000000,1.671000000000
1467351738,682.400000000000,1.264000000000
1467351741,682.780000000000,4.063000000000
1467351815,683.280000000000,4.070000000000
1467351818,683.200000000000,3.559000000000
1467352128,684.670000000000,0.150800000000
1467352259,684.490000000000,0.147000000000
1467352259,684.490000000000,0.147000000000
1467352259,684.490000000000,0.147000000000
1467352259,684.490000000000,0.147000000000
1467352260,684.490000000000,0.146000000000
1467352260,684.490000000000,0.146000000000
1467352260,684.490000000000,0.147000000000
1467352260,684.490000000000,0.147000000000
1467352260,684.490000000000,0.148000000000
1467352260,684.490000000000,0.148000000000
1467352408,684.070000000000,4.195000000000
1467352425,684.020000000000,4.192000000000
1467352466,684.990000000000,0.385800000000
1467352466,685.000000000000,68.671900000000
1467352524,684.830000000000,0.284500000000
1467352565,684.990000000000,2.042000000000
1467352565,685.000000000000,63.350900000000
1467352565,684.950000000000,1.555000000000
1467352566,685.000000000000,65.283700000000
1467352566,685.000000000000,64.916700000000
1467352568,685.000000000000,61.704100000000
1467352574,684.800000000000,0.483100000000
1467352575,684.790000000000,3.583900000000
1467352575,685.000000000000,59.548000000000
1467352604,683.760000000000,0.148000000000
1467352604,683.760000000000,0.147000000000
1467352604,683.760000000000,0.148000000000
1467352608,683.000000000000,0.147000000000
1467352853,682.600000000000,0.147000000000
1467352874,682.300000000000,4.152000000000
1467353220,681.520000000000,0.500000000000
1467353258,681.560000000000,0.259300000000
1467353259,681.490000000000,3.116000000000
1467353260,681.380000000000,1.755000000000
1467353261,681.320000000000,0.586700000000
1467353583,683.330000000000,3.603000000000
1467353583,683.370000000000,2.192000000000
1467353585,683.890000000000,1.886000000000
1467353589,683.960000000000,3.213000000000
1467353790,683.030000000000,0.565700000000
1467353893,681.820000000000,1.470000000000
1467353935,681.820000000000,0.088000000000
1467354017,682.100000000000,0.100000000000
1467354038,682.280000000000,6.000000000000
1467354092,682.190000000000,6.000000000000
1467354188,683.430000000000,0.251500000000
1467354228,682.620000000000,0.147000000000
1467354229,682.620000000000,0.147000000000
1467354229,682.620000000000,0.147000000000
1467354229,682.620000000000,0.147000000000
1467354229,682.620000000000,0.147000000000
1467354229,682.620000000000,0.148000000000
1467354229,682.620000000000,0.148000000000
1467354230,682.620000000000,0.148000000000
1467354230,682.620000000000,0.148000000000
1467354230,682.620000000000,0.147000000000
1467354314,682.160000000000,4.204000000000
1467354395,682.530000000000,0.145900000000
1467354865,683.070000000000,0.007500000000
1467355234,682.600000000000,0.147000000000
1467355234,682.600000000000,0.147000000000
1467355235,682.600000000000,0.148000000000
1467355235,682.600000000000,0.148000000000
1467355235,682.600000000000,0.148000000000
1467355235,682.600000000000,0.147000000000
1467355235,682.600000000000,0.148000000000
1467355235,682.600000000000,0.148000000000
1467355235,682.600000000000,0.147000000000
1467355236,682.600000000000,0.147000000000
1467355580,683.000000000000,0.110000000000
1467355677,682.890000000000,2.268000000000
1467355678,683.400000000000,1.472000000000
1467355678,683.420000000000,2.046000000000
1467355682,683.640000000000,3.612000000000
1467355686,683.470000000000,4.508000000000
1467355700,683.320000000000,3.300000000000
1467355700,683.330000000000,0.927200000000
1467355790,682.870000000000,1.081000000000
1467355791,682.880000000000,0.049000000000
1467355799,682.870000000000,0.100000000000
1467355799,682.870000000000,0.425300000000
1467355801,682.960000000000,0.187700000000
1467355993,682.970000000000,0.180000000000
1467356092,682.970000000000,61.069900000000
1467356152,683.020000000000,59.004900000000
1467356153,684.190000000000,4.379000000000
1467356153,684.250000000000,0.251000000000
1467356153,683.890000000000,1.646000000000
1467356154,684.260000000000,34.719100000000
1467356183,683.120000000000,57.461600000000
1467356183,683.420000000000,4.500000000000
1467356183,683.910000000000,2.045000000000
1467356184,684.260000000000,5.950000000000
1467356184,684.440000000000,0.251000000000
1467356184,684.390000000000,1.726000000000
1467356185,684.450000000000,28.066400000000
1467356201,683.350000000000,55.603500000000
1467356201,683.920000000000,4.376000000000
1467356202,683.930000000000,1.891000000000
1467356202,684.350000000000,0.070000000000
1467356202,684.420000000000,2.401000000000
1467356203,684.670000000000,35.658500000000
1467356224,683.870000000000,51.839200000000
1467356224,683.910000000000,2.381000000000
1467356224,684.390000000000,1.724000000000
1467356225,685.000000000000,41.729800000000
1467356225,684.930000000000,2.326000000000
1467356251,683.830000000000,5.040000000000
1467356277,683.970000000000,0.080000000000
1467356277,684.380000000000,2.064000000000
1467356277,683.970000000000,4.356000000000
1467356278,684.730000000000,50.304700000000
1467356278,684.920000000000,2.006000000000
1467356278,685.000000000000,41.189300000000
1467356314,683.610000000000,0.697000000000
1467356316,683.570000000000,0.010000000000
1467356374,683.000000000000,4.231000000000
1467356379,683.000000000000,34.699100000000
1467356379,683.000000000000,13.939000000000
1467356379,683.000000000000,46.924800000000
1467356380,683.000000000000,39.136200000000
1467356383,681.620000000000,19.000000000000
1467356426,681.610000000000,19.000000000000
1467356443,681.200000000000,0.314600000000
1467356528,677.760000000000,5.361900000000
1467356529,677.660000000000,0.794500000000
1467356530,677.660000000000,8.573800000000
1467356530,677.700000000000,0.400000000000
1467356543,677.330000000000,0.288500000000
1467356570,675.620000000000,0.170800000000
1467356605,676.060000000000,3.842000000000
1467356611,676.060000000000,0.584000000000
1467356611,676.060000000000,0.570000000000
1467356612,676.060000000000,0.240000000000
1467356612,676.060000000000,0.190000000000
1467356617,676.770000000000,4.956000000000
1467356628,676.770000000000,0.450000000000
1467356642,677.540000000000,1.000000000000
1467356835,677.790000000000,0.030000000000
1467356836,677.780000000000,0.010000000000
1467356973,676.330000000000,5.040000000000
1467356984,675.620000000000,0.199200000000
1467356984,675.030000000000,0.955700000000
1467356987,674.580000000000,43.345700000000
1467356987,674.580000000000,6.654300000000
1467357017,672.490000000000,0.306100000000
1467357027,672.340000000000,0.899100000000
1467357033,672.610000000000,0.720000000000
1467357033,672.600000000000,0.929800000000
1467357034,672.720000000000,3.222000000000
1467357063,672.430000000000,8.320000000000
1467357064,672.330000000000,1.000000000000
1467357074,672.580000000000,0.114000000000
1467357074,672.570000000000,4.440000000000
1467357075,672.580000000000,0.112000000000
1467357075,672.580000000000,0.116000000000
1467357115,673.030000000000,6.496000000000
1467357121,673.120000000000,5.260000000000
1467357121,673.030000000000,0.090000000000
1467357143,673.750000000000,8.032000000000
1467357148,673.840000000000,5.918000000000
1467357152,674.070000000000,6.424000000000
1467357176,674.570000000000,1.000000000000
1467357177,674.390000000000,1.480000000000
1467357187,674.410000000000,0.010000000000
1467357194,674.410000000000,0.018600000000
1467357198,674.500000000000,0.018600000000
1467357224,674.610000000000,0.853700000000
1467357264,674.590000000000,6.558000000000
1467357265,674.610000000000,18.146300000000
1467357266,675.180000000000,3.203000000000
1467357266,675.190000000000,4.414000000000
1467357266,675.200000000000,3.881000000000
1467357268,675.560000000000,8.272000000000
1467357273,675.600000000000,0.990000000000
1467357283,674.510000000000,0.010000000000
1467357391,673.840000000000,0.960800000000
1467357392,673.970000000000,4.427000000000
1467357392,673.850000000000,0.020000000000
1467357392,673.850000000000,0.300000000000
1467357393,674.140000000000,4.431000000000
1467357394,673.840000000000,0.490100000000
1467357395,674.110000000000,0.231800000000
1467357638,675.040000000000,0.060000000000
1467357994,676.610000000000,0.160000000000
1467357994,676.270000000000,4.423000000000
1467357994,676.270000000000,0.380000000000
1467357996,676.860000000000,0.310000000000
1467358130,676.140000000000,19.000000000000
1467358133,674.830000000000,1.426200000000
1467358135,674.750000000000,0.727400000000
1467358654,673.000000000000,34.538400000000
1467358654,673.000000000000,43.461600000000
1467358655,672.850000000000,0.004600000000
1467358757,672.020000000000,0.030000000000
1467358758,672.020000000000,0.120000000000
1467358758,672.090000000000,0.220000000000
1467358758,672.150000000000,4.463000000000
1467358760,672.150000000000,0.140000000000
1467358762,672.020000000000,0.070000000000
1467358908,673.340000000000,0.110000000000
1467358908,673.340000000000,0.040000000000
1467358908,673.330000000000,0.400000000000
1467358908,673.320000000000,2.300000000000
1467358913,672.960000000000,0.470000000000
1467359054,673.350000000000,0.120000000000
1467359079,672.970000000000,2.745000000000
1467359079,672.780000000000,2.661000000000
1467359079,672.770000000000,4.452000000000
1467359083,673.110000000000,4.258000000000
1467359103,673.110000000000,0.060000000000
1467359103,673.520000000000,1.000000000000
1467359110,673.890000000000,0.371500000000
1467359111,673.880000000000,0.380000000000
1467359111,673.880000000000,0.080000000000
1467359112,673.770000000000,0.189500000000
1467359166,674.880000000000,4.291000000000
1467359468,676.450000000000,5.067000000000
1467359507,676.510000000000,0.150000000000
1467360060,677.400000000000,4.527000000000
1467360064,677.400000000000,0.010000000000
1467360064,677.400000000000,0.040000000000
1467360065,677.300000000000,4.071000000000
1467360065,677.400000000000,0.060000000000
1467360071,677.120000000000,4.384000000000
1467360077,677.120000000000,4.112000000000
1467360083,677.300000000000,3.874000000000
1467360305,676.750000000000,6.000000000000
1467360305,677.240000000000,2.074000000000
1467360306,676.750000000000,3.020000000000
1467360307,676.800000000000,0.510000000000
1467360310,676.800000000000,4.298000000000
1467360315,676.800000000000,0.370000000000
1467360316,676.830000000000,4.402000000000
1467360316,676.800000000000,0.080000000000
1467360317,676.680000000000,2.588000000000
1467360339,676.800000000000,4.849000000000
1467360455,676.550000000000,0.580000000000
1467360491,677.960000000000,0.232000000000
1467360554,678.250000000000,3.000000000000
1467361027,679.460000000000,0.009300000000
1467361062,679.050000000000,0.009300000000
1467361229,678.840000000000,0.020000000000
1467361229,678.870000000000,0.010000000000
1467361229,678.970000000000,0.040000000000
1467361230,679.080000000000,0.806000000000
1467361327,678.990000000000,4.406000000000
1467361387,678.870000000000,5.327000000000
1467361391,679.120000000000,4.027000000000
1467361445,678.860000000000,4.455000000000
1467361588,677.080000000000,4.017000000000
1467361618,677.150000000000,6.240000000000
1467361623,677.050000000000,0.616900000000
1467361623,677.060000000000,5.605100000000
1467361638,676.940000000000,4.410000000000
1467361638,676.930000000000,0.586200000000
1467361690,677.690000000000,5.587000000000
1467361766,676.630000000000,4.399000000000
1467361767,676.620000000000,0.500000000000
1467361914,677.850000000000,0.010000000000
1467361915,677.850000000000,0.060000000000
1467361915,677.860000000000,0.010000000000
1467361915,677.850000000000,0.050000000000
1467361916,678.390000000000,0.044300000000
1467361989,677.560000000000,0.020000000000
1467361989,677.550000000000,4.428000000000
1467361989,677.560000000000,0.689700000000
1467362026,677.070000000000,1.100000000000
1467362062,677.520000000000,0.900000000000
1467362068,677.240000000000,0.330000000000
1467362069,677.430000000000,4.408000000000
1467362205,677.470000000000,4.420000000000
1467362208,677.400000000000,5.492000000000
1467362216,677.480000000000,0.910000000000
1467362224,677.480000000000,0.050900000000
1467362226,677.560000000000,0.530000000000
1467362236,677.560000000000,4.778000000000
1467362237,677.390000000000,3.000000000000
1467362241,677.500000000000,4.223000000000
1467362250,677.490000000000,3.000000000000
1467362261,677.200000000000,3.000000000000
1467362271,677.250000000000,3.000000000000
1467362281,677.060000000000,3.000000000000
1467362291,677.050000000000,3.000000000000
1467362300,676.960000000000,3.000000000000
1467362309,677.000000000000,3.000000000000
1467362316,676.980000000000,3.000000000000
1467362326,677.010000000000,2.450000000000
1467362348,676.260000000000,4.415000000000
1467362375,675.990000000000,0.421300000000
1467362375,676.010000000000,0.109000000000
1467362375,676.010000000000,0.109000000000
1467362375,676.000000000000,0.300000000000
1467362379,676.020000000000,0.080000000000
1467362382,676.020000000000,0.112000000000
1467362382,676.020000000000,0.111000000000
1467362382,676.020000000000,0.113000000000
1467362535,675.310000000000,0.150000000000
1467362536,675.310000000000,0.680000000000
1467362537,675.310000000000,0.111000000000
1467362537,675.310000000000,0.116000000000
1467362537,675.310000000000,0.115000000000
1467362537,675.310000000000,0.111000000000
1467362646,674.800000000000,6.014000000000
1467362741,674.790000000000,4.445000000000
1467362790,674.750000000000,0.210000000000
1467362790,674.250000000000,4.427000000000
1467362790,674.750000000000,0.150000000000
1467362790,674.750000000000,0.060000000000
1467362791,674.220000000000,0.020000000000
1467362791,674.220000000000,2.952000000000
1467362791,674.240000000000,2.923000000000
1467362792,673.890000000000,0.560700000000
1467362792,673.880000000000,66.715900000000
1467362811,674.550000000000,4.709000000000
1467362861,674.710000000000,4.409000000000
1467362861,675.510000000000,5.960000000000
1467363061,675.320000000000,6.116000000000
1467363131,675.490000000000,0.293700000000
1467363793,674.630000000000,0.250000000000
1467363794,674.630000000000,0.030000000000
1467363795,674.090000000000,0.030000000000
1467363804,673.900000000000,3.359000000000
1467363809,673.920000000000,4.132000000000
1467363811,673.900000000000,2.786000000000
1467364381,675.580000000000,0.456300000000
1467365198,676.680000000000,0.574000000000
1467365208,676.490000000000,0.004600000000
1467365208,676.490000000000,0.510000000000
1467365208,676.490000000000,0.090000000000
1467365208,676.490000000000,0.050000000000
1467365690,677.560000000000,0.050900000000
1467365691,677.620000000000,0.230500000000
1467365733,676.880000000000,4.418000000000
1467365733,676.880000000000,0.510000000000
1467365733,676.880000000000,0.410000000000
1467365869,677.210000000000,0.090000000000
1467365874,677.200000000000,0.010000000000
1467365875,677.200000000000,0.060000000000
1467365887,677.340000000000,0.314200000000
1467366050,677.600000000000,2.537000000000
1467366211,677.850000000000,4.411000000000
1467366211,677.830000000000,0.050000000000
1467366212,677.800000000000,0.211100000000
1467366212,677.830000000000,0.150000000000
1467366212,677.820000000000,0.120000000000
1467366212,677.830000000000,0.050000000000
1467366290,677.930000000000,4.903000000000
1467366368,677.940000000000,4.412000000000
1467366436,677.940000000000,0.150000000000
1467366437,677.940000000000,0.130000000000
1467366437,677.940000000000,0.070000000000
1467366441,677.840000000000,5.018000000000
1467366480,677.730000000000,0.260000000000
1467366480,677.730000000000,0.330000000000
1467366484,677.730000000000,0.020000000000
1467366593,677.480000000000,5.591000000000
1467366606,677.540000000000,3.722000000000
1467366607,677.590000000000,2.427000000000
1467366962,678.540000000000,0.020000000000
1467366962,678.530000000000,0.670000000000
1467366962,678.540000000000,0.310000000000
1467367278,678.540000000000,0.264400000000
1467367278,678.350000000000,4.397000000000
1467367278,678.530000000000,6.000000000000
1467367394,678.320000000000,0.416400000000
1467367395,678.330000000000,4.402000000000
1467367395,678.390000000000,4.417000000000
1467367651,678.630000000000,4.417000000000
1467367651,678.620000000000,0.703000000000
1467368163,677.800000000000,4.409000000000
1467368163,677.930000000000,7.660000000000
1467368163,677.930000000000,0.313200000000
1467368163,677.920000000000,2.450000000000
1467368164,677.940000000000,2.419000000000
1467368165,677.750000000000,0.375900000000
1467368166,677.750000000000,3.709000000000
1467368330,678.890000000000,0.500000000000
1467368772,680.640000000000,1.000000000000
1467368785,680.520000000000,0.216700000000
1467368785,680.530000000000,4.405000000000
1467368786,681.080000000000,4.387000000000
1467368829,681.170000000000,3.856000000000
1467368939,681.240000000000,0.070000000000
1467368939,681.240000000000,0.010000000000
1467368939,681.240000000000,0.020000000000
1467369087,681.240000000000,5.573000000000
1467369091,681.280000000000,5.236000000000
1467369157,681.330000000000,50.000000000000
1467369304,682.040000000000,0.110000000000
1467369304,682.040000000000,0.020000000000
1467369304,682.040000000000,0.090000000000
1467369304,682.040000000000,0.040000000000
1467369304,682.040000000000,0.300000000000
1467369335,682.380000000000,0.366400000000
1467369335,682.380000000000,0.010000000000
1467369336,682.380000000000,0.000600000000
1467369336,682.380000000000,0.020000000000
1467369484,682.530000000000,0.111000000000
1467369484,682.530000000000,0.113000000000
1467369485,682.530000000000,0.028800000000
1467369516,682.530000000000,0.030000000000
1467369516,682.530000000000,0.010000000000
1467369516,682.530000000000,0.081200000000
1467369518,682.580000000000,0.057000000000
1467369524,682.580000000000,5.491000000000
1467369538,682.450000000000,0.057000000000
1467369550,681.510000000000,0.057000000000
1467369588,681.940000000000,1.500000000000
1467369588,681.890000000000,1.385100000000
1467369804,681.910000000000,4.370000000000
1467369849,682.020000000000,0.855600000000
1467370297,681.900000000000,0.110000000000
1467370297,681.900000000000,0.109000000000
1467370298,681.900000000000,0.115000000000
1467370298,681.900000000000,0.115000000000
1467370298,681.900000000000,0.108000000000
1467370298,681.900000000000,0.109000000000
1467370298,681.900000000000,0.113000000000
1467370605,682.320000000000,0.190000000000
1467370648,682.320000000000,3.000000000000
1467370679,682.170000000000,0.630000000000
1467370695,682.170000000000,0.730000000000
1467370720,681.910000000000,0.250000000000
1467370730,681.910000000000,2.000000000000
1467370928,682.190000000000,0.180000000000
1467370948,682.190000000000,0.250000000000
1467370961,682.190000000000,0.010000000000
1467370961,681.820000000000,0.040000000000
1467370961,682.190000000000,0.020000000000
1467370962,681.390000000000,2.470000000000
1467371067,682.100000000000,0.057000000000
1467371078,682.100000000000,0.120000000000
1467371081,682.100000000000,0.018400000000
1467371085,682.100000000000,0.018400000000
1467371086,682.100000000000,3.000000000000
1467371094,682.100000000000,3.000000000000
1467371104,682.140000000000,3.000000000000
1467371112,681.850000000000,3.000000000000
1467371364,681.830000000000,0.109000000000
1467371364,681.830000000000,0.111000000000
1467371364,681.830000000000,0.131300000000
1467371365,681.830000000000,0.107000000000
1467371365,681.830000000000,0.115000000000
1467371365,681.830000000000,0.115000000000
1467371366,681.830000000000,0.113000000000
1467371366,681.830000000000,0.150000000000
1467371366,681.830000000000,0.112000000000
1467371366,681.830000000000,0.109000000000
1467371367,681.830000000000,0.100000000000
1467371367,681.830000000000,0.109000000000
1467371460,682.480000000000,0.057000000000
1467371464,682.490000000000,0.057000000000
1467371467,682.480000000000,0.003000000000
1467371468,682.470000000000,0.007000000000
1467371468,682.470000000000,0.010000000000
1467371468,682.470000000000,0.040000000000
1467371474,682.460000000000,0.057000000000
1467371494,682.460000000000,0.057000000000
1467371574,682.480000000000,0.111000000000
1467371574,682.480000000000,0.141900000000
1467371575,682.480000000000,0.112000000000
1467371575,682.480000000000,0.145000000000
1467371575,682.480000000000,0.114000000000
1467371575,682.480000000000,0.145000000000
1467371575,682.480000000000,0.108000000000
1467371575,682.480000000000,0.145000000000
1467371575,682.480000000000,0.089000000000
1467371576,682.480000000000,0.109000000000
1467371576,682.480000000000,0.113000000000
1467371576,682.480000000000,0.115000000000
1467371576,682.480000000000,0.147000000000
1467371576,682.480000000000,0.107000000000
1467371576,682.480000000000,0.112000000000
1467371581,682.840000000000,0.057000000000
1467371620,682.790000000000,0.420000000000
1467371625,682.790000000000,3.991000000000
1467371653,682.930000000000,0.112000000000
1467371653,682.930000000000,0.109000000000
1467371653,682.930000000000,0.114000000000
1467371653,682.930000000000,0.109000000000
1467371653,682.930000000000,0.111000000000
1467371654,682.930000000000,0.107000000000
1467371654,682.930000000000,0.109000000000
1467371654,682.930000000000,0.111000000000
1467371654,682.930000000000,0.108000000000
1467371656,683.180000000000,0.057000000000
1467371659,682.890000000000,1.270000000000
1467371659,683.180000000000,0.010000000000
1467371665,682.750000000000,0.037000000000
1467371665,682.890000000000,0.020000000000
1467372085,681.400000000000,0.109000000000
1467372085,681.400000000000,0.107000000000
1467372340,682.460000000000,0.050000000000
1467372451,682.370000000000,0.112000000000
1467372452,682.370000000000,0.109000000000
1467372452,682.370000000000,0.109000000000
1467372452,682.370000000000,0.111000000000
1467372452,682.370000000000,0.114000000000
1467372452,682.370000000000,0.115000000000
1467372575,682.120000000000,1.200000000000
1467372595,681.720000000000,0.004600000000
1467372735,681.070000000000,0.113000000000
1467372735,681.070000000000,0.109000000000
1467372735,681.070000000000,4.381000000000
1467372735,681.070000000000,0.111000000000
1467372736,681.070000000000,0.111000000000
1467372736,681.070000000000,0.109000000000
1467372736,681.070000000000,0.074000000000
1467372736,681.070000000000,0.053000000000
1467372736,681.070000000000,0.107000000000
1467372736,681.070000000000,0.108000000000
1467372736,681.070000000000,0.114000000000
1467372833,681.160000000000,0.180000000000
1467372833,681.160000000000,0.060000000000
1467372833,681.160000000000,0.240000000000
1467372834,681.150000000000,3.577000000000
1467372876,681.380000000000,0.115000000000
1467372877,681.380000000000,0.110000000000
1467372877,681.380000000000,0.108000000000
1467372877,681.380000000000,0.113000000000
1467372877,681.380000000000,0.112000000000
1467372877,681.380000000000,0.109000000000
1467372877,681.380000000000,0.089000000000
1467372878,681.380000000000,0.108000000000
1467372878,681.380000000000,0.210000000000
1467372878,681.380000000000,0.108000000000
1467372883,681.740000000000,0.290000000000
1467372893,681.740000000000,3.000000000000
1467372919,681.530000000000,0.010000000000
1467372960,681.250000000000,4.500000000000
1467372960,681.050000000000,4.399000000000
1467372979,681.250000000000,4.397000000000
1467372979,681.090000000000,0.426000000000
1467372979,681.030000000000,0.168900000000
1467372979,681.440000000000,6.000000000000
1467372980,681.510000000000,0.109000000000
1467372980,681.510000000000,0.108000000000
1467372981,681.510000000000,0.114000000000
1467372981,681.510000000000,0.107000000000
1467373058,681.510000000000,3.000000000000
1467373066,681.540000000000,0.330000000000
1467373074,681.540000000000,2.450000000000
1467373128,681.250000000000,0.410000000000
1467373319,681.250000000000,1.500000000000
1467373335,681.300000000000,0.460000000000
1467373446,681.300000000000,3.000000000000
1467373457,681.300000000000,0.030000000000
1467373457,681.300000000000,0.010000000000
1467373458,681.160000000000,0.180000000000
1467373458,681.300000000000,0.010000000000
1467373470,681.160000000000,0.980000000000
1467373474,681.290000000000,4.626000000000
1467373480,681.290000000000,0.360000000000
1467373484,681.200000000000,5.015000000000
1467373490,681.160000000000,0.200000000000
1467373491,680.970000000000,0.009800000000
1467373491,680.970000000000,0.009800000000
1467373491,680.970000000000,9.780400000000
1467373493,681.030000000000,0.200000000000
1467373501,681.030000000000,3.000000000000
1467373509,681.030000000000,0.050000000000
1467373514,680.900000000000,0.120000000000
1467373515,680.210000000000,0.379800000000
1467373517,680.690000000000,0.040000000000
1467373518,680.210000000000,0.120000000000
1467373546,680.620000000000,0.180000000000
1467373648,679.860000000000,0.109000000000
1467373648,679.860000000000,0.115000000000
1467373649,679.860000000000,0.111000000000
1467373649,679.860000000000,0.112000000000
1467373649,679.860000000000,0.115000000000
1467373650,679.860000000000,0.080000000000
1467373650,679.860000000000,0.146000000000
1467373650,679.860000000000,0.110000000000
1467373651,679.860000000000,0.108000000000
1467373651,679.860000000000,0.108000000000
1467373651,679.860000000000,0.113000000000
1467373652,679.870000000000,0.600000000000
1467373712,680.220000000000,0.340000000000
1467373712,680.220000000000,0.050000000000
1467373712,680.220000000000,0.050000000000
1467373712,680.210000000000,0.120000000000
1467373750,680.270000000000,4.383000000000
1467373757,680.240000000000,4.316000000000
1467373860,679.720000000000,0.482100000000
1467373860,679.720000000000,0.000900000000
1467373864,679.720000000000,0.050000000000
1467373869,679.730000000000,0.420000000000
1467373869,679.730000000000,0.050000000000
1467373872,679.970000000000,4.413000000000
1467373872,679.830000000000,0.150000000000
1467373872,679.830000000000,0.240000000000
1467373978,680.350000000000,0.299900000000
1467373979,680.330000000000,0.010000000000
1467373979,680.340000000000,0.020000000000
1467373979,680.340000000000,0.076200000000
1467373979,680.330000000000,0.087300000000
1467373980,680.320000000000,0.010000000000
1467373980,680.320000000000,0.118600000000
1467373980,680.310000000000,0.110000000000
1467373981,680.290000000000,0.357700000000
1467373981,680.300000000000,0.300300000000
1467374234,679.790000000000,0.111000000000
1467374234,679.790000000000,0.108000000000
1467374234,679.790000000000,0.107000000000
1467374234,679.790000000000,4.386000000000
1467374235,679.790000000000,0.114000000000
1467374235,679.790000000000,0.108000000000
1467374235,679.790000000000,0.115000000000
1467374236,679.790000000000,0.013000000000
1467374356,679.790000000000,0.110000000000
1467374356,679.790000000000,0.098000000000
1467374357,679.790000000000,0.112000000000
1467374357,679.790000000000,0.190000000000
1467374364,679.790000000000,0.030000000000
1467374365,679.790000000000,0.070000000000
1467374368,679.790000000000,0.030000000000
1467374543,680.880000000000,0.050000000000
1467374544,680.880000000000,0.020000000000
1467374544,680.880000000000,0.040000000000
1467374544,680.880000000000,0.050000000000
1467375073,680.510000000000,4.388000000000
1467375073,680.500000000000,0.383900000000
1467375274,680.540000000000,0.042000000000
1467375872,681.110000000000,0.108000000000
1467375872,681.110000000000,0.106000000000
1467375872,681.110000000000,0.099000000000
1467375872,681.110000000000,0.114000000000
1467375873,681.110000000000,0.068000000000
1467375974,681.130000000000,0.110000000000
1467376207,680.910000000000,2.289000000000
1467376208,680.910000000000,0.105000000000
1467376208,680.910000000000,0.100000000000
1467376208,680.910000000000,0.300000000000
1467376217,680.740000000000,3.447000000000
1467376222,680.670000000000,5.043000000000
1467376261,680.800000000000,75.196500000000
1467376340,680.440000000000,72.076900000000
1467376340,680.000000000000,17.923100000000
1467376347,680.020000000000,70.507900000000
1467376443,680.090000000000,0.077400000000
1467376483,679.190000000000,66.876500000000
1467376484,679.000000000000,33.123500000000
1467376564,678.100000000000,1.730000000000
1467376564,678.200000000000,4.415000000000
1467376565,677.660000000000,1.932000000000
1467376568,677.430000000000,0.180000000000
1467376570,677.620000000000,0.070000000000
1467376572,677.620000000000,4.795000000000
1467376577,677.620000000000,4.638000000000
1467376581,677.610000000000,0.470200000000
1467376634,677.430000000000,4.755000000000
1467376642,677.330000000000,4.753000000000
1467376646,677.480000000000,4.397000000000
1467376648,678.190000000000,2.200000000000
1467376662,678.540000000000,0.060000000000
1467376662,678.540000000000,4.398000000000
1467376662,678.540000000000,0.030000000000
1467376664,677.740000000000,0.120000000000
1467376966,678.040000000000,4.418000000000
1467376996,678.250000000000,0.010000000000
1467376996,678.250000000000,4.393000000000
1467376997,678.080000000000,0.344500000000
1467377135,678.270000000000,4.421000000000
1467377135,678.380000000000,0.630800000000
1467377135,678.260000000000,0.403500000000
1467378025,678.800000000000,0.123100000000
1467378109,678.800000000000,0.076200000000
1467378674,678.880000000000,4.413000000000
1467378900,679.300000000000,0.010000000000
1467379408,680.290000000000,0.130000000000
1467379408,680.290000000000,0.002300000000
1467379409,680.290000000000,0.010000000000
1467379409,680.290000000000,0.010000000000
1467379409,679.930000000000,4.402000000000
1467379409,679.940000000000,1.034400000000
1467379409,679.920000000000,3.800000000000
1467379409,679.680000000000,0.150000000000
1467379410,679.610000000000,0.090000000000
1467379411,679.610000000000,4.382000000000
1467379412,679.940000000000,0.388800000000
1467379422,679.480000000000,0.172400000000
1467379422,679.490000000000,0.111600000000
1467379614,679.430000000000,0.282600000000
1467379816,679.410000000000,0.010000000000
1467379816,679.410000000000,0.200000000000
1467379860,679.250000000000,0.025100000000
1467379860,679.250000000000,0.060000000000
1467379860,679.250000000000,0.010000000000
1467379865,678.940000000000,0.160000000000
1467379883,678.200000000000,0.030000000000
1467379884,678.200000000000,0.090000000000
1467379884,678.200000000000,0.100000000000
1467379884,678.180000000000,5.409000000000
1467380193,678.410000000000,0.014000000000
1467380215,678.470000000000,0.247700000000
1467380222,678.640000000000,0.170000000000
1467380250,678.610000000000,0.248100000000
1467380251,678.610000000000,0.210000000000
1467380311,678.490000000000,69.800000000000
1467380323,678.360000000000,22.135000000000
1467380415,678.040000000000,4.588000000000
1467380592,678.090000000000,0.010000000000
1467380592,678.090000000000,0.010000000000
1467380695,678.090000000000,0.070000000000
1467380695,678.090000000000,0.002900000000
1467380696,678.090000000000,0.170000000000
1467380696,678.060000000000,49.687100000000
1467380696,678.090000000000,0.070000000000
1467380774,678.080000000000,0.159400000000
1467380775,678.080000000000,0.040000000000
1467380775,678.090000000000,0.040000000000
1467380775,678.100000000000,0.872600000000
1467380775,678.110000000000,53.888000000000
1467380820,678.250000000000,25.000000000000
1467380859,678.400000000000,11.593300000000
1467380859,678.390000000000,0.306700000000
1467380989,678.290000000000,0.254300000000
1467381189,678.280000000000,0.310000000000
1467381543,678.890000000000,4.384000000000
1467381554,679.030000000000,4.389000000000
1467381555,679.030000000000,0.120000000000
1467381555,679.020000000000,61.991000000000
1467381556,679.040000000000,0.378700000000
1467381569,678.670000000000,0.139900000000
1467381570,678.680000000000,54.111800000000
1467381590,678.790000000000,67.000000000000
1467381595,678.670000000000,4.395000000000
1467381613,678.450000000000,12.651700000000
1467381629,678.070000000000,0.497000000000
1467381630,678.080000000000,54.503000000000
1467381638,678.590000000000,55.000000000000
1467381660,678.090000000000,49.606000000000
1467381660,678.070000000000,4.394000000000
1467381671,678.070000000000,0.030000000000
1467381671,678.070000000000,0.130000000000
1467381672,678.350000000000,0.210000000000
1467381672,678.070000000000,0.100000000000
1467381672,678.230000000000,0.253500000000
1467381678,678.350000000000,54.000000000000
1467381682,678.160000000000,0.130700000000
1467381682,678.160000000000,0.388800000000
1467381684,677.840000000000,4.418000000000
1467381690,677.860000000000,55.000000000000
1467381702,677.960000000000,37.000000000000
1467381710,678.370000000000,4.402000000000
1467381720,678.440000000000,67.000000000000
1467381739,678.150000000000,4.411000000000
1467381739,678.040000000000,0.206400000000
1467381751,678.010000000000,54.000000000000
1467381755,678.370000000000,4.387000000000
1467381765,678.100000000000,0.175000000000
1467381765,678.550000000000,67.825000000000
1467381777,678.100000000000,55.000000000000
1467381787,678.400000000000,66.000000000000
1467381793,678.400000000000,0.020000000000
1467381793,678.430000000000,0.010000000000
1467381800,678.180000000000,0.170000000000
1467381812,678.200000000000,0.040000000000
1467381812,678.150000000000,0.907000000000
1467381812,678.140000000000,4.419000000000
1467381815,678.130000000000,0.090000000000
1467381829,678.970000000000,0.005100000000
1467381839,678.120000000000,54.000000000000
1467381858,678.230000000000,54.170000000000
1467381861,678.230000000000,0.180000000000
1467381868,678.120000000000,54.000000000000
1467381874,678.340000000000,4.404000000000
1467381881,678.450000000000,4.417000000000
1467381881,678.440000000000,49.583000000000
1467381890,678.110000000000,0.635600000000
1467381895,678.110000000000,54.000000000000
1467381903,678.110000000000,0.390000000000
1467381903,678.210000000000,0.625600000000
1467381910,678.430000000000,54.000000000000
1467381914,678.990000000000,0.015200000000
1467381916,678.430000000000,0.220000000000
1467381916,678.280000000000,0.353500000000
1467381923,678.170000000000,53.000000000000
1467381939,678.640000000000,0.240000000000
1467381967,678.710000000000,53.000000000000
1467381972,678.460000000000,0.170000000000
1467381981,678.410000000000,55.000000000000
1467381987,678.410000000000,0.100000000000
1467381988,678.490000000000,0.070000000000
1467381994,678.810000000000,55.000000000000
1467382007,678.430000000000,55.000000000000
1467382013,678.610000000000,0.405400000000
1467382017,678.610000000000,55.000000000000
1467382030,678.390000000000,56.000000000000
1467382033,678.390000000000,0.410000000000
1467382049,678.650000000000,4.388000000000
1467382049,678.640000000000,0.906400000000
1467382050,678.700000000000,0.462200000000
1467382058,678.700000000000,56.000000000000
1467382061,678.700000000000,0.230000000000
1467382061,678.500000000000,0.413100000000
1467382063,678.330000000000,4.397000000000
1467382069,678.440000000000,54.000000000000
1467382074,678.660000000000,0.379100000000
1467382079,678.690000000000,54.000000000000
1467382092,678.570000000000,55.000000000000
1467382100,678.690000000000,55.000000000000
1467382114,678.580000000000,55.000000000000
1467382120,678.700000000000,4.394000000000
1467382124,678.850000000000,55.000000000000
1467382128,678.850000000000,0.010000000000
1467382136,678.460000000000,54.000000000000
1467382153,678.680000000000,54.000000000000
1467382172,678.630000000000,4.405000000000
1467382173,678.650000000000,54.358000000000
1467382179,679.000000000000,10.000000000000
1467382187,679.110000000000,1.309000000000
1467382187,679.100000000000,4.411000000000
1467382188,679.100000000000,0.130000000000
1467382188,679.080000000000,52.913000000000
1467382191,679.120000000000,4.391000000000
1467382199,678.620000000000,0.010000000000
1467382199,678.640000000000,54.890000000000
1467382252,678.630000000000,0.120000000000
1467382252,679.050000000000,0.893800000000
1467382252,678.630000000000,0.010000000000
1467382252,679.300000000000,4.398000000000
1467382259,679.180000000000,54.900000000000
1467382264,679.180000000000,0.010000000000
1467382264,679.150000000000,4.383000000000
1467382264,679.190000000000,0.243300000000
1467382273,678.820000000000,55.000000000000
1467382284,679.270000000000,54.223300000000
1467382284,679.280000000000,0.386700000000
1467382284,679.280000000000,0.390000000000
1467382286,679.280000000000,0.010000000000
1467382287,678.900000000000,0.796800000000
1467382299,678.890000000000,0.120000000000
1467382299,678.900000000000,54.508000000000
1467382299,678.880000000000,0.372000000000
1467382304,678.880000000000,0.250000000000
1467382304,679.050000000000,0.230000000000
1467382309,679.310000000000,55.000000000000
1467382321,678.990000000000,0.104000000000
1467382321,678.990000000000,54.896000000000
1467382325,678.980000000000,1.000000000000
1467382325,678.980000000000,0.505700000000
1467382330,679.210000000000,55.000000000000
1467382344,678.900000000000,4.415000000000
1467382344,678.910000000000,53.585000000000
1467382349,679.230000000000,0.567700000000
1467382350,679.230000000000,0.180000000000
1467382355,679.230000000000,58.000000000000
1467382366,678.880000000000,55.000000000000
1467382390,678.980000000000,55.000000000000
1467382463,678.740000000000,0.800000000000
1467382473,678.730000000000,0.440000000000
1467382483,678.730000000000,0.140000000000
1467382498,679.000000000000,0.030000000000
1467382499,679.000000000000,0.122300000000
1467382506,678.730000000000,0.750000000000
1467382562,678.750000000000,3.460000000000
1467382569,678.750000000000,1.540000000000
1467382569,678.730000000000,2.794000000000
1467382588,677.650000000000,3.456000000000
1467382592,677.650000000000,1.544000000000
1467382609,676.030000000000,54.358100000000
1467382609,676.030000000000,54.317500000000
1467382610,676.030000000000,3.324400000000
1467382616,675.620000000000,0.440000000000
1467382616,675.620000000000,0.370000000000
1467382648,675.100000000000,0.323000000000
1467382691,675.000000000000,25.000000000000
1467382692,674.580000000000,50.000000000000
1467382699,674.760000000000,0.229700000000
1467382699,675.220000000000,0.090000000000
1467382699,674.770000000000,4.439000000000
1467382702,675.310000000000,0.117100000000
1467382734,675.320000000000,2.000000000000
1467382766,675.340000000000,0.170000000000
1467382777,675.330000000000,0.205200000000
1467382777,675.340000000000,0.134800000000
1467382804,675.320000000000,0.010000000000
1467382812,675.320000000000,0.426000000000
1467382823,674.840000000000,3.971000000000
1467382828,674.790000000000,5.441000000000
1467382839,674.660000000000,3.000000000000
1467382892,675.120000000000,0.115000000000
1467382893,675.120000000000,0.109000000000
1467382893,675.120000000000,0.115000000000
1467382893,675.120000000000,0.115000000000
1467382894,675.120000000000,0.113000000000
1467382894,675.120000000000,0.111000000000
