1488211129,1183.180000000000,0.030500000000
1488211211,1183.180000000000,0.076200000000
1488211251,1182.890000000000,0.009100000000
1488211305,1183.180000000000,0.015200000000
1488211499,1182.920000000000,0.009100000000
1488211629,1182.920000000000,0.350000000000
1488211629,1182.890000000000,3.115100000000
1488211629,1182.900000000000,2.300000000000
1488211648,1181.720000000000,2.200000000000
1488211676,1182.120000000000,0.068600000000
1488211710,1182.120000000000,0.410600000000
1488211731,1182.510000000000,0.091500000000
1488211795,1182.510000000000,0.022900000000
1488211866,1182.890000000000,0.080000000000
1488211881,1182.890000000000,0.790000000000
1488211884,1182.890000000000,0.940000000000
1488211907,1183.070000000000,0.025900000000
1488212106,1183.010000000000,0.230000000000
1488212171,1183.560000000000,0.320000000000
1488212176,1183.560000000000,2.680000000000
1488212380,1184.650000000000,0.000400000000
1488212410,1186.910000000000,0.060900000000
1488212435,1186.910000000000,0.004600000000
1488212509,1186.910000000000,0.016700000000
1488212529,1186.910000000000,0.001500000000
1488212683,1187.890000000000,0.087300000000
1488212773,1187.890000000000,0.018200000000
1488212838,1188.800000000000,0.091100000000
1488212891,1189.080000000000,0.030400000000
1488212908,1188.070000000000,0.197000000000
1488212909,1188.060000000000,0.616500000000
1488212969,1188.320000000000,0.075900000000
1488213028,1188.300000000000,0.015300000000
1488213063,1188.390000000000,0.136600000000
1488213108,1188.390000000000,0.015200000000
1488213172,1189.430000000000,0.060700000000
1488213310,1189.210000000000,7.953600000000
1488213458,1189.490000000000,0.197000000000
1488213459,1189.170000000000,1.423000000000
1488213476,1188.940000000000,1.090000000000
1488213479,1188.950000000000,1.410000000000
1488213482,1188.950000000000,0.480000000000
1488213488,1188.950000000000,0.500000000000
1488213488,1188.940000000000,1.040000000000
1488213490,1188.980000000000,0.590000000000
1488213493,1188.980000000000,1.910000000000
1488213499,1188.960000000000,1.200000000000
1488213501,1188.370000000000,0.600000000000
1488213501,1188.960000000000,1.900000000000
1488213521,1188.370000000000,3.160000000000
1488213523,1188.400000000000,2.000000000000
1488213571,1188.750000000000,2.390000000000
1488213575,1188.720000000000,0.340000000000
1488213576,1189.210000000000,2.800000000000
1488213576,1188.980000000000,1.300000000000
1488213577,1188.720000000000,0.120000000000
1488213582,1188.720000000000,0.500000000000
1488213590,1188.370000000000,0.980000000000
1488213595,1188.370000000000,0.720000000000
1488213634,1188.720000000000,0.017900000000
1488213634,1188.720000000000,0.020000000000
1488213735,1188.720000000000,0.066100000000
1488213735,1188.720000000000,0.055000000000
1488213735,1188.720000000000,0.085000000000
1488213736,1189.220000000000,0.633900000000
1488213743,1189.210000000000,0.450000000000
1488213766,1188.720000000000,2.139700000000
1488213818,1189.210000000000,0.167000000000
1488213862,1189.210000000000,0.002300000000
1488213877,1189.210000000000,0.707300000000
1488213930,1189.210000000000,1.700000000000
1488213932,1189.210000000000,1.700000000000
1488213936,1189.210000000000,1.120000000000
1488213944,1189.210000000000,3.380000000000
1488213951,1189.920000000000,0.030300000000
1488213955,1189.210000000000,1.810000000000
1488213959,1189.210000000000,2.000000000000
1488213974,1189.210000000000,0.006100000000
1488213984,1189.420000000000,0.111500000000
1488214002,1189.170000000000,1.130000000000
1488214006,1189.360000000000,1.790000000000
1488214013,1189.210000000000,1.710000000000
1488214064,1189.210000000000,7.694500000000
1488214064,1189.210000000000,7.604600000000
1488214065,1189.210000000000,1.032900000000
1488214079,1190.000000000000,0.050000000000
1488214080,1192.320000000000,0.045500000000
1488214086,1191.330000000000,4.299000000000
1488214125,1193.000000000000,0.030000000000
1488214126,1193.000000000000,0.030000000000
1488214126,1193.000000000000,0.030000000000
1488214126,1193.000000000000,0.030000000000
1488214126,1193.000000000000,0.030000000000
1488214126,1193.000000000000,0.030000000000
1488214126,1193.000000000000,0.030000000000
1488214126,1193.000000000000,0.030000000000
1488214127,1193.000000000000,0.030000000000
1488214127,1193.000000000000,0.030000000000
1488214127,1193.000000000000,0.030000000000
1488214127,1193.000000000000,0.030000000000
1488214127,1193.000000000000,0.030000000000
1488214127,1193.000000000000,0.030000000000
1488214128,1193.000000000000,0.030000000000
1488214128,1193.000000000000,0.030000000000
1488214128,1193.000000000000,0.030000000000
1488214128,1193.000000000000,0.030000000000
1488214128,1193.000000000000,0.030000000000
1488214128,1193.000000000000,0.030000000000
1488214128,1193.000000000000,0.030000000000
1488214129,1193.000000000000,0.030000000000
1488214129,1193.000000000000,0.030000000000
1488214129,1193.000000000000,0.030000000000
1488214129,1193.000000000000,0.030000000000
1488214129,1193.000000000000,0.030000000000
1488214129,1193.000000000000,0.030000000000
1488214129,1193.000000000000,0.030000000000
1488214130,1193.000000000000,0.030000000000
1488214130,1193.000000000000,0.030000000000
1488214130,1193.000000000000,0.030000000000
1488214130,1193.000000000000,0.030000000000
1488214130,1193.000000000000,0.030000000000
1488214130,1193.000000000000,0.030000000000
1488214130,1193.000000000000,0.030000000000
1488214131,1193.000000000000,0.030000000000
1488214131,1193.000000000000,0.030000000000
1488214131,1193.000000000000,0.030000000000
1488214131,1193.000000000000,0.030000000000
1488214131,1193.000000000000,0.030000000000
1488214131,1193.000000000000,0.030000000000
1488214132,1193.000000000000,0.030000000000
1488214132,1193.000000000000,0.030000000000
1488214132,1193.000000000000,0.030000000000
1488214132,1193.000000000000,0.030000000000
1488214132,1193.000000000000,0.030000000000
1488214132,1193.000000000000,0.030000000000
1488214132,1193.000000000000,0.030000000000
1488214133,1193.000000000000,0.030000000000
1488214133,1193.000000000000,0.030000000000
1488214133,1193.000000000000,0.030000000000
1488214133,1193.000000000000,0.030000000000
1488214133,1193.000000000000,0.030000000000
1488214133,1193.000000000000,0.030000000000
1488214134,1193.000000000000,0.030000000000
1488214134,1193.000000000000,0.030000000000
1488214134,1193.000000000000,0.030000000000
1488214134,1193.000000000000,0.030000000000
1488214134,1193.000000000000,0.030000000000
1488214134,1193.000000000000,0.030000000000
1488214134,1193.000000000000,0.030000000000
1488214135,1193.000000000000,0.030000000000
1488214135,1193.000000000000,0.030000000000
1488214135,1193.000000000000,0.030000000000
1488214135,1193.000000000000,0.030000000000
1488214135,1193.000000000000,0.030000000000
1488214135,1193.000000000000,0.030000000000
1488214135,1193.000000000000,0.030000000000
1488214136,1193.000000000000,0.030000000000
1488214136,1193.000000000000,0.030000000000
1488214136,1193.000000000000,0.030000000000
1488214136,1193.000000000000,0.030000000000
1488214136,1193.000000000000,0.030000000000
1488214136,1193.000000000000,0.030000000000
1488214136,1193.000000000000,0.030000000000
1488214137,1193.000000000000,0.030000000000
1488214137,1193.000000000000,0.030000000000
1488214137,1193.000000000000,0.030000000000
1488214137,1193.000000000000,0.030000000000
1488214137,1193.000000000000,0.030000000000
1488214137,1193.000000000000,0.030000000000
1488214138,1193.000000000000,0.030000000000
1488214138,1193.000000000000,0.030000000000
1488214138,1193.000000000000,0.030000000000
1488214138,1193.000000000000,0.030000000000
1488214138,1193.000000000000,0.030000000000
1488214138,1193.000000000000,0.030000000000
1488214139,1193.000000000000,0.030000000000
1488214139,1193.000000000000,0.030000000000
1488214139,1193.000000000000,0.030000000000
1488214139,1193.000000000000,0.030000000000
1488214139,1193.000000000000,0.030000000000
1488214139,1193.000000000000,0.030000000000
1488214139,1193.000000000000,0.030000000000
1488214140,1193.000000000000,0.030000000000
1488214140,1193.000000000000,0.030000000000
1488214140,1193.000000000000,0.030000000000
1488214140,1193.000000000000,0.030000000000
1488214140,1193.000000000000,0.030000000000
1488214140,1193.000000000000,0.030000000000
1488214492,1196.970000000000,0.778400000000
1488214568,1195.460000000000,0.003000000000
1488214596,1196.050000000000,0.007500000000
1488214719,1196.680000000000,0.015100000000
1488214778,1196.000000000000,0.045300000000
1488214924,1196.000000000000,1.954700000000
1488214924,1196.070000000000,5.926100000000
1488214934,1195.980000000000,5.070000000000
1488214941,1195.980000000000,0.075400000000
1488214950,1195.980000000000,5.014800000000
1488214950,1195.980000000000,5.894600000000
1488214950,1195.980000000000,1.835200000000
1488214951,1196.160000000000,2.359100000000
1488215027,1196.050000000000,0.084000000000
1488215095,1197.900000000000,0.007500000000
1488215214,1197.250000000000,0.022600000000
1488215245,1197.250000000000,0.007500000000
1488215255,1197.250000000000,0.045200000000
1488215259,1197.250000000000,2.489000000000
1488215380,1197.070000000000,0.030100000000
1488215414,1197.070000000000,0.119900000000
1488215519,1197.700000000000,0.045200000000
1488215581,1197.700000000000,0.064000000000
1488215607,1196.620000000000,0.000100000000
1488215674,1196.580000000000,0.110000000000
1488215681,1196.580000000000,0.040000000000
1488215734,1197.100000000000,0.030000000000
1488215764,1197.570000000000,0.015000000000
1488215983,1197.530000000000,0.120400000000
1488216033,1197.530000000000,0.027100000000
1488216040,1197.100000000000,0.050000000000
1488216045,1197.030000000000,7.911500000000
1488216045,1198.910000000000,2.495000000000
1488216046,1198.920000000000,36.723500000000
1488216109,1197.490000000000,0.079000000000
1488216160,1196.820000000000,0.033900000000
1488216210,1196.770000000000,0.026400000000
1488216211,1195.960000000000,0.003300000000
1488216427,1196.490000000000,0.900000000000
1488216487,1196.260000000000,0.000800000000
1488216555,1196.260000000000,0.052700000000
1488216572,1196.260000000000,0.030500000000
1488216573,1196.260000000000,0.014700000000
1488216604,1196.260000000000,0.015100000000
1488216613,1196.260000000000,0.054200000000
1488216613,1196.260000000000,0.084000000000
1488216646,1196.920000000000,0.011300000000
1488216836,1196.660000000000,0.075300000000
1488216856,1196.550000000000,0.271900000000
1488216856,1196.550000000000,7.589900000000
1488216864,1196.530000000000,0.008600000000
1488216866,1196.530000000000,0.033900000000
1488216987,1196.010000000000,0.015100000000
1488216997,1194.880000000000,0.010800000000
1488216999,1196.010000000000,0.507600000000
1488217092,1195.410000000000,0.005300000000
1488217111,1195.410000000000,0.030100000000
1488217171,1196.060000000000,0.017300000000
1488217207,1196.050000000000,0.015800000000
1488217317,1195.030000000000,0.013800000000
1488217329,1195.640000000000,0.075400000000
1488217461,1195.520000000000,0.084000000000
1488217516,1196.290000000000,0.015100000000
1488217628,1195.990000000000,0.300000000000
1488217646,1196.890000000000,0.007500000000
1488217815,1196.540000000000,0.086600000000
1488217860,1196.000000000000,0.037600000000
1488217875,1196.000000000000,7.729600000000
1488217876,1196.000000000000,2.232800000000
1488217923,1196.550000000000,2.500000000000
1488217972,1196.420000000000,0.067800000000
1488218009,1196.560000000000,0.000100000000
1488218009,1196.560000000000,0.852000000000
1488218020,1196.590000000000,0.030100000000
1488218050,1196.580000000000,0.030100000000
1488218054,1196.580000000000,0.060300000000
1488218070,1196.580000000000,0.034700000000
1488218248,1195.160000000000,0.156100000000
1488218306,1195.160000000000,0.781700000000
1488218468,1195.170000000000,0.014300000000
1488218496,1194.700000000000,2.498000000000
1488218537,1194.630000000000,0.090600000000
1488218583,1194.780000000000,0.026400000000
1488218632,1194.780000000000,0.703800000000
1488218710,1193.990000000000,0.061100000000
1488218796,1194.340000000000,0.085700000000
1488218916,1194.410000000000,0.090600000000
1488218951,1194.410000000000,0.052800000000
1488218955,1194.410000000000,0.045300000000
1488219005,1194.750000000000,0.086800000000
1488219080,1194.740000000000,0.007500000000
1488219100,1194.740000000000,0.075500000000
1488219152,1194.470000000000,0.014300000000
1488219314,1194.470000000000,0.703700000000
1488219329,1194.470000000000,0.075500000000
1488219404,1194.470000000000,0.015100000000
1488219452,1194.470000000000,0.015100000000
1488219793,1193.920000000000,0.011300000000
1488219809,1194.480000000000,0.024900000000
1488219825,1194.480000000000,0.011300000000
1488219939,1194.480000000000,0.010600000000
1488220126,1193.870000000000,0.056600000000
1488220283,1194.090000000000,0.015100000000
1488220297,1194.090000000000,0.045300000000
1488220403,1194.430000000000,0.017400000000
1488220533,1194.420000000000,0.016600000000
1488220548,1194.180000000000,0.226400000000
1488220566,1194.390000000000,0.021900000000
1488220588,1193.450000000000,0.202000000000
1488220647,1193.120000000000,0.004500000000
1488220676,1193.920000000000,0.030200000000
1488220684,1193.920000000000,0.060400000000
1488220795,1194.040000000000,0.075500000000
1488220808,1194.040000000000,0.185700000000
1488220817,1194.050000000000,0.007100000000
1488220954,1193.890000000000,0.039100000000
1488220954,1193.910000000000,0.033700000000
1488221159,1193.240000000000,1.000000000000
1488221402,1194.270000000000,0.313400000000
1488221643,1195.550000000000,0.017300000000
1488222342,1193.940000000000,0.024700000000
1488222439,1193.950000000000,1.400000000000
1488222459,1193.520000000000,0.003300000000
1488222867,1193.480000000000,0.001700000000
1488223039,1193.310000000000,0.039300000000
1488223050,1193.220000000000,0.000200000000
1488223142,1193.910000000000,0.000100000000
1488223149,1193.910000000000,0.000200000000
1488223301,1193.590000000000,0.004500000000
1488223338,1193.220000000000,0.008400000000
1488223492,1193.220000000000,0.826500000000
1488224001,1193.120000000000,0.004500000000
1488224571,1193.310000000000,0.452800000000
1488224642,1194.660000000000,0.010700000000
1488224711,1193.790000000000,0.004500000000
1488224737,1193.790000000000,0.003900000000
1488225571,1193.570000000000,0.195000000000
1488225571,1193.490000000000,1.498100000000
1488225738,1193.060000000000,0.000100000000
1488226194,1193.840000000000,0.100000000000
1488226195,1193.850000000000,2.511000000000
1488226195,1193.860000000000,8.602200000000
1488226195,1194.230000000000,8.971500000000
1488226195,1194.230000000000,7.793900000000
1488226196,1194.230000000000,8.929800000000
1488226196,1194.230000000000,8.070700000000
1488226196,1194.230000000000,7.587100000000
1488226196,1194.230000000000,8.026600000000
1488226312,1194.230000000000,7.561600000000
1488226312,1194.230000000000,8.088600000000
1488226313,1194.230000000000,7.444700000000
1488226313,1194.230000000000,8.015400000000
1488226313,1194.230000000000,8.296900000000
1488226324,1193.170000000000,2.500000000000
1488226373,1194.000000000000,0.021600000000
1488226504,1193.810000000000,0.048400000000
1488226879,1192.430000000000,0.041900000000
1488226940,1193.150000000000,0.004500000000
1488226961,1193.510000000000,0.088600000000
1488227008,1192.880000000000,2.300000000000
1488227071,1191.420000000000,5.000000000000
1488227208,1188.250000000000,0.004500000000
1488227354,1189.120000000000,0.194000000000
1488227357,1189.210000000000,0.001700000000
1488227358,1189.010000000000,0.085500000000
1488227374,1190.240000000000,2.513000000000
1488227374,1190.230000000000,5.564400000000
1488227375,1190.230000000000,1.435600000000
1488227550,1190.470000000000,0.000100000000
1488228021,1189.800000000000,0.100000000000
1488228036,1189.730000000000,0.520000000000
1488228039,1189.730000000000,2.000000000000
1488228109,1189.510000000000,4.100000000000
1488228275,1190.130000000000,1.000000000000
1488228760,1190.260000000000,0.100000000000
1488228760,1190.070000000000,0.187000000000
1488228760,1190.070000000000,0.858300000000
1488228783,1190.050000000000,0.000100000000
1488228791,1190.050000000000,0.000300000000
1488228793,1190.050000000000,0.004000000000
1488229288,1192.680000000000,0.003800000000
1488229437,1191.970000000000,0.270000000000
1488229439,1191.970000000000,0.004600000000
1488229459,1191.980000000000,1.050000000000
1488229466,1191.980000000000,0.180000000000
1488229470,1191.970000000000,0.610000000000
1488229475,1191.970000000000,0.370000000000
1488229498,1191.980000000000,0.030000000000
1488229610,1191.980000000000,0.004500000000
1488229657,1192.550000000000,0.060500000000
1488229660,1192.550000000000,0.022700000000
1488229702,1192.550000000000,0.000800000000
1488229710,1192.880000000000,0.826200000000
1488229723,1192.890000000000,3.700000000000
1488229799,1193.850000000000,0.006200000000
1488229800,1193.850000000000,0.004500000000
1488229800,1193.850000000000,0.004500000000
1488229801,1193.850000000000,0.000100000000
1488229871,1194.450000000000,0.000200000000
1488230181,1193.890000000000,0.031000000000
1488230257,1193.960000000000,0.030200000000
1488230319,1194.520000000000,0.016600000000
1488230351,1193.620000000000,0.000500000000
1488230373,1194.520000000000,0.015100000000
1488230397,1193.610000000000,0.900000000000
1488230418,1194.060000000000,0.060400000000
1488230437,1194.060000000000,0.004500000000
1488230468,1194.060000000000,0.017400000000
1488230483,1194.050000000000,2.504000000000
1488230511,1193.710000000000,0.190300000000
1488230533,1193.710000000000,0.045300000000
1488230565,1194.060000000000,0.004500000000
1488230600,1193.500000000000,0.039300000000
1488230617,1193.260000000000,0.089000000000
1488230635,1194.060000000000,0.003200000000
1488230636,1194.300000000000,0.005900000000
1488230657,1194.320000000000,0.037800000000
1488230684,1194.320000000000,0.022700000000
1488230702,1194.740000000000,0.003800000000
1488230724,1194.750000000000,0.086900000000
1488230742,1194.740000000000,0.015100000000
1488230751,1194.740000000000,0.007600000000
1488230783,1194.740000000000,0.006800000000
1488230786,1194.740000000000,0.004500000000
1488230794,1194.740000000000,0.438000000000
1488230860,1195.110000000000,0.005300000000
1488230865,1195.110000000000,0.022700000000
1488230903,1195.110000000000,0.018900000000
1488230908,1195.110000000000,0.022700000000
1488230911,1195.110000000000,0.009800000000
1488230941,1194.170000000000,0.030200000000
1488230950,1194.170000000000,0.064200000000
1488230959,1194.170000000000,0.022600000000
1488230986,1194.250000000000,0.015100000000
1488231031,1194.420000000000,0.015100000000
1488231072,1194.750000000000,0.016600000000
1488231090,1194.750000000000,0.003800000000
1488231103,1194.410000000000,0.000500000000
1488231103,1194.410000000000,0.000100000000
1488231109,1194.410000000000,0.050600000000
1488231110,1194.410000000000,0.002000000000
1488231110,1194.410000000000,0.004500000000
1488231110,1194.410000000000,0.008800000000
1488231130,1195.220000000000,0.111000000000
1488231144,1195.220000000000,0.017400000000
1488231154,1195.060000000000,0.109400000000
1488231225,1195.060000000000,0.015100000000
1488231255,1195.060000000000,0.022600000000
1488231289,1195.060000000000,0.011300000000
1488231374,1194.740000000000,0.151000000000
1488231383,1194.740000000000,0.138900000000
1488231433,1195.270000000000,0.173600000000
1488231433,1194.490000000000,0.000100000000
1488231456,1195.270000000000,0.022600000000
1488231469,1195.270000000000,0.045300000000
1488231522,1195.060000000000,0.010600000000
1488231539,1195.060000000000,0.001500000000
1488231549,1195.060000000000,0.027900000000
1488231809,1195.110000000000,0.150900000000
1488231817,1195.110000000000,0.017400000000
1488231876,1195.110000000000,0.080000000000
1488231924,1195.110000000000,0.045300000000
1488231941,1195.110000000000,0.023400000000
1488231990,1195.110000000000,0.009100000000
1488232001,1195.110000000000,0.030200000000
1488232059,1194.720000000000,0.015100000000
1488232102,1194.720000000000,0.085000000000
1488232102,1194.720000000000,0.084000000000
1488232102,1194.720000000000,0.084000000000
1488232121,1195.000000000000,0.003800000000
1488232215,1194.990000000000,2.507000000000
1488232216,1195.000000000000,7.301500000000
1488232216,1195.110000000000,9.849500000000
1488232263,1195.670000000000,0.075400000000
1488232273,1195.670000000000,0.188600000000
1488232302,1195.110000000000,1.211200000000
1488232302,1195.100000000000,6.200000000000
1488232302,1195.160000000000,0.009100000000
1488232370,1194.110000000000,0.226400000000
1488232412,1194.110000000000,0.083000000000
1488232450,1194.110000000000,0.020600000000
1488232450,1194.110000000000,0.002000000000
1488232478,1194.110000000000,0.064400000000
1488232478,1194.110000000000,0.085000000000
1488232480,1194.920000000000,0.105700000000
1488232517,1195.040000000000,0.015100000000
1488232599,1196.190000000000,0.022600000000
1488232612,1194.580000000000,0.004500000000
1488232695,1195.830000000000,0.139600000000
1488232701,1195.830000000000,0.030200000000
1488232778,1194.660000000000,0.004000000000
1488232781,1195.830000000000,0.150900000000
1488232823,1194.990000000000,0.034700000000
1488232900,1195.000000000000,0.014300000000
1488232993,1194.850000000000,0.043800000000
1488233065,1194.850000000000,0.003800000000
1488233088,1194.850000000000,0.015100000000
1488233094,1194.850000000000,0.075400000000
1488233121,1194.850000000000,0.009800000000
1488233148,1193.580000000000,0.000100000000
1488233175,1194.850000000000,0.030200000000
1488233188,1194.850000000000,0.052800000000
1488233422,1194.730000000000,0.000100000000
1488233861,1194.290000000000,0.004500000000
1488234178,1195.680000000000,0.007500000000
1488234182,1195.680000000000,0.015100000000
1488234195,1195.680000000000,0.022600000000
1488234368,1195.680000000000,0.015100000000
1488234412,1195.680000000000,0.021900000000
1488234520,1195.680000000000,0.590000000000
1488234622,1195.680000000000,0.022600000000
1488234640,1195.680000000000,0.007500000000
1488234673,1195.680000000000,0.024900000000
1488234730,1195.680000000000,0.018900000000
1488234737,1195.680000000000,0.034700000000
1488234846,1195.680000000000,0.034700000000
1488234849,1195.680000000000,0.098100000000
1488234945,1195.680000000000,0.071700000000
1488235015,1195.650000000000,0.030200000000
1488235021,1195.650000000000,0.015100000000
1488235072,1195.300000000000,0.017400000000
1488235089,1195.300000000000,0.037700000000
1488235105,1195.300000000000,0.004500000000
1488235131,1195.300000000000,0.026400000000
1488235155,1194.860000000000,2.500000000000
1488235220,1194.500000000000,0.012100000000
1488235249,1194.500000000000,0.015100000000
1488235399,1193.660000000000,0.015300000000
1488235400,1193.660000000000,0.004500000000
1488235400,1193.660000000000,0.000100000000
1488235409,1194.390000000000,0.391300000000
1488235494,1193.400000000000,0.007600000000
1488235517,1193.400000000000,0.017400000000
1488235521,1193.400000000000,0.015100000000
1488235545,1193.170000000000,0.016600000000
1488235551,1193.170000000000,0.031000000000
1488235601,1191.860000000000,0.004500000000
1488235624,1192.820000000000,0.075600000000
1488235651,1193.130000000000,0.026500000000
1488235655,1193.130000000000,0.071100000000
1488235790,1193.010000000000,0.012900000000
1488235820,1193.000000000000,0.015100000000
1488235886,1192.750000000000,0.022700000000
1488235889,1192.750000000000,0.022700000000
1488235926,1192.550000000000,0.347900000000
1488235947,1192.550000000000,0.007600000000
1488236002,1192.550000000000,0.030300000000
1488236056,1192.220000000000,0.007600000000
1488236105,1192.600000000000,0.030300000000
1488236135,1192.600000000000,0.022700000000
1488236153,1193.240000000000,0.017400000000
1488236160,1193.240000000000,0.095300000000
1488236179,1193.240000000000,0.021900000000
1488236209,1193.080000000000,0.022700000000
1488236251,1193.080000000000,0.155000000000
1488236255,1193.080000000000,0.015100000000
1488236344,1192.400000000000,0.022700000000
1488236356,1192.400000000000,0.007600000000
1488236416,1193.020000000000,0.026500000000
1488236461,1192.710000000000,0.006800000000
1488236534,1192.710000000000,0.022700000000
1488236539,1192.710000000000,0.055500000000
1488236540,1192.710000000000,0.020100000000
1488236571,1192.710000000000,0.009100000000
1488236726,1192.710000000000,0.023400000000
1488236744,1192.710000000000,0.032400000000
1488236744,1192.710000000000,0.085000000000
1488236749,1193.770000000000,0.012100000000
1488236758,1195.680000000000,0.015100000000
1488236827,1194.220000000000,0.086900000000
1488236863,1194.440000000000,0.041100000000
1488236871,1194.440000000000,0.015100000000
1488236891,1194.210000000000,0.006800000000
1488237078,1194.760000000000,0.046900000000
1488237082,1193.750000000000,0.000100000000
1488237082,1193.750000000000,0.000100000000
1488237100,1193.760000000000,0.004500000000
1488237133,1194.750000000000,0.014400000000
1488237139,1194.750000000000,0.012800000000
1488237198,1194.230000000000,0.001700000000
1488237263,1194.850000000000,0.028000000000
1488237413,1194.410000000000,0.626000000000
1488237437,1194.470000000000,0.015900000000
1488237602,1194.300000000000,0.007600000000
1488237616,1194.300000000000,0.302200000000
1488237654,1193.710000000000,0.597800000000
1488237694,1194.230000000000,0.020400000000
1488237934,1194.190000000000,0.008100000000
1488237934,1194.190000000000,0.008400000000
1488238109,1194.550000000000,0.008300000000
1488238119,1194.550000000000,0.009100000000
1488238150,1194.550000000000,0.090700000000
1488238160,1194.550000000000,0.043100000000
1488238170,1194.550000000000,0.037800000000
1488238180,1193.860000000000,0.004500000000
1488238180,1193.860000000000,0.000100000000
1488238206,1194.550000000000,0.007600000000
1488238212,1194.550000000000,4.000000000000
1488238225,1194.580000000000,0.007600000000
1488238225,1194.580000000000,4.000000000000
1488238237,1194.700000000000,3.000000000000
1488238268,1195.030000000000,3.000000000000
1488238283,1195.070000000000,2.512000000000
1488238283,1195.080000000000,0.488000000000
1488238297,1195.080000000000,3.000000000000
1488238312,1194.970000000000,2.000000000000
1488238324,1194.900000000000,2.000000000000
1488238335,1194.790000000000,1.000000000000
1488238348,1194.790000000000,3.000000000000
1488238409,1193.950000000000,0.000100000000
1488238506,1194.770000000000,3.000000000000
1488238555,1193.970000000000,0.289200000000
1488238564,1195.040000000000,3.000000000000
1488238594,1195.050000000000,4.000000000000
1488238621,1195.100000000000,1.000000000000
1488238649,1194.770000000000,1.000000000000
1488238723,1195.240000000000,4.000000000000
1488238813,1194.070000000000,0.000500000000
1488238893,1194.630000000000,0.085000000000
1488238894,1194.850000000000,0.318000000000
1488238894,1194.630000000000,0.085000000000
1488238894,1194.840000000000,2.512000000000
1488238963,1194.790000000000,0.085000000000
1488238963,1194.780000000000,2.503000000000
1488238963,1194.790000000000,0.085000000000
1488238964,1194.890000000000,1.327000000000
1488238979,1193.980000000000,0.000500000000
1488238986,1194.560000000000,0.015100000000
1488239076,1194.560000000000,0.069900000000
1488239077,1194.880000000000,2.082200000000
1488239125,1195.270000000000,3.000000000000
1488239145,1195.120000000000,4.000000000000
1488239162,1195.220000000000,3.000000000000
1488239315,1195.330000000000,2.393600000000
1488239706,1195.170000000000,0.007600000000
1488239784,1195.170000000000,0.022700000000
1488239796,1195.170000000000,0.085000000000
1488239796,1195.170000000000,0.054700000000
1488239797,1195.170000000000,0.079300000000
1488239800,1195.170000000000,0.005700000000
1488239801,1195.170000000000,0.009400000000
1488239921,1195.170000000000,0.017400000000
1488239942,1195.170000000000,0.022600000000
1488239972,1194.860000000000,0.011200000000
1488239982,1195.170000000000,0.035600000000
1488240106,1195.680000000000,7.996200000000
1488240107,1195.680000000000,7.903400000000
1488240250,1198.820000000000,0.003800000000
1488240339,1199.230000000000,0.015100000000
1488240344,1199.230000000000,0.118300000000
1488240359,1199.230000000000,0.034600000000
1488240397,1199.230000000000,1.000000000000
1488240579,1198.520000000000,0.175000000000
1488240579,1198.490000000000,7.744500000000
1488240664,1198.590000000000,2.000000000000
1488240676,1198.560000000000,2.916000000000
1488240676,1198.350000000000,0.084000000000
1488240699,1198.420000000000,2.000000000000
1488240714,1198.420000000000,1.000000000000
1488240726,1198.620000000000,0.050000000000
1488240779,1199.560000000000,0.033800000000
1488240783,1199.560000000000,0.015000000000
1488240853,1199.990000000000,0.067600000000
1488240866,1199.990000000000,7.423400000000
1488240867,1199.990000000000,4.954200000000
1488240867,1199.990000000000,8.683400000000
1488240867,1199.990000000000,7.722300000000
1488240868,1200.000000000000,7.455500000000
1488240877,1200.000000000000,0.022500000000
1488240878,1200.000000000000,92.522000000000
1488241064,1202.680000000000,0.008200000000
1488241068,1202.680000000000,0.058500000000
1488241123,1202.680000000000,0.015000000000
1488241213,1201.820000000000,0.010000000000
1488241292,1202.680000000000,0.037500000000
1488241341,1202.460000000000,0.047200000000
1488241356,1202.460000000000,0.051700000000
1488241370,1201.820000000000,0.199000000000
1488241370,1201.500000000000,8.316700000000
1488241371,1201.500000000000,7.862100000000
1488241400,1201.690000000000,0.048000000000
1488241415,1201.380000000000,0.005800000000
1488241509,1199.850000000000,0.063300000000
1488241659,1201.690000000000,0.030800000000
1488241663,1201.030000000000,2.481000000000
1488241684,1200.940000000000,0.022500000000
1488241709,1201.460000000000,0.014300000000
1488241752,1201.690000000000,0.150100000000
1488241759,1201.690000000000,0.060800000000
1488241774,1201.690000000000,0.030000000000
1488241789,1201.200000000000,0.031500000000
1488241827,1201.200000000000,0.105100000000
1488241878,1201.200000000000,0.030000000000
1488242031,1201.690000000000,0.000800000000
1488242067,1201.690000000000,0.015000000000
1488242073,1201.690000000000,0.399400000000
1488242084,1201.690000000000,0.015000000000
1488242139,1201.400000000000,0.012000000000
1488242162,1201.400000000000,0.469000000000
1488242292,1201.690000000000,0.030000000000
1488242314,1201.690000000000,0.016500000000
1488242405,1201.690000000000,0.015000000000
1488242423,1201.690000000000,0.017200000000
1488242456,1201.690000000000,0.032200000000
1488242465,1201.690000000000,0.013500000000
1488242481,1201.690000000000,3.604500000000
1488242509,1202.110000000000,0.033800000000
1488242600,1202.480000000000,0.100000000000
1488242656,1202.410000000000,0.180100000000
1488242762,1202.320000000000,0.037500000000
1488242835,1202.320000000000,0.026300000000
1488242854,1202.320000000000,0.017300000000
1488242858,1202.320000000000,0.030000000000
1488242861,1202.320000000000,0.009000000000
1488242898,1202.320000000000,0.150100000000
1488242912,1202.320000000000,0.112500000000
1488242959,1202.320000000000,0.045000000000
1488243275,1203.570000000000,0.059900000000
1488243287,1203.570000000000,0.009000000000
1488243300,1203.570000000000,0.017200000000
1488243639,1202.720000000000,0.070100000000
1488244502,1203.760000000000,1.845800000000
1488244502,1203.760000000000,8.917900000000
1488244502,1203.760000000000,8.463200000000
1488244502,1203.770000000000,6.632500000000
1488244503,1203.760000000000,8.164600000000
1488245371,1203.270000000000,1.000000000000
1488245377,1203.270000000000,0.096000000000
1488245390,1203.040000000000,0.004400000000
1488245412,1203.060000000000,0.096000000000
1488245413,1203.060000000000,0.097000000000
1488245416,1203.060000000000,0.099000000000
1488245608,1203.270000000000,0.009000000000
1488245643,1203.270000000000,0.022500000000
1488245776,1203.270000000000,0.013400000000
1488245776,1203.270000000000,0.061500000000
1488245878,1203.240000000000,0.022500000000
1488245919,1203.240000000000,0.030000000000
1488245921,1203.240000000000,2.438500000000
1488245921,1203.240000000000,0.084000000000
1488245922,1203.240000000000,0.084000000000
1488245922,1203.240000000000,0.092000000000
1488245922,1203.240000000000,0.092000000000
1488245922,1203.240000000000,0.079000000000
1488245923,1204.000000000000,0.009000000000
1488246378,1203.930000000000,0.077600000000
1488246546,1203.930000000000,0.084000000000
1488246546,1203.930000000000,0.084000000000
1488246546,1203.930000000000,0.084000000000
1488246546,1203.930000000000,0.007400000000
1488246634,1204.000000000000,0.002200000000
1488246663,1204.000000000000,0.007500000000
1488246778,1204.000000000000,0.011300000000
1488246778,1204.000000000000,0.030000000000
1488246779,1204.000000000000,0.030000000000
1488246779,1204.000000000000,0.030000000000
1488246779,1204.000000000000,0.030000000000
1488246779,1204.000000000000,0.030000000000
1488246779,1204.000000000000,0.030000000000
1488246779,1204.000000000000,0.030000000000
1488246780,1204.000000000000,0.030000000000
1488246780,1204.000000000000,0.030000000000
1488246780,1204.000000000000,0.030000000000
1488246780,1204.000000000000,0.030000000000
1488246780,1204.000000000000,0.030000000000
1488246780,1204.000000000000,0.030000000000
1488246780,1204.000000000000,0.030000000000
1488246780,1204.000000000000,0.030000000000
1488246781,1204.000000000000,0.030000000000
1488246781,1204.000000000000,0.030000000000
1488246781,1204.000000000000,0.030000000000
1488246781,1204.000000000000,0.030000000000
1488246781,1204.000000000000,0.030000000000
1488246781,1204.000000000000,0.030000000000
1488246781,1204.000000000000,0.030000000000
1488246782,1204.000000000000,0.030000000000
1488246782,1204.000000000000,0.030000000000
1488246782,1204.000000000000,0.030000000000
1488246782,1204.000000000000,0.030000000000
1488246782,1204.000000000000,0.030000000000
1488246782,1204.000000000000,0.030000000000
1488246782,1204.000000000000,0.030000000000
1488246783,1204.000000000000,0.030000000000
1488246783,1204.000000000000,0.030000000000
1488246783,1204.000000000000,0.030000000000
1488246783,1204.000000000000,0.030000000000
1488246783,1204.000000000000,0.030000000000
1488246783,1204.000000000000,0.030000000000
1488246783,1204.000000000000,0.030000000000
1488246783,1204.000000000000,0.030000000000
1488246784,1204.000000000000,0.030000000000
1488246784,1204.000000000000,0.030000000000
1488246784,1204.000000000000,0.030000000000
1488246784,1204.000000000000,0.030000000000
1488246784,1204.000000000000,0.030000000000
1488246784,1204.000000000000,0.030000000000
1488246784,1204.000000000000,0.030000000000
1488246785,1204.000000000000,0.030000000000
1488246785,1204.000000000000,0.030000000000
1488246785,1204.000000000000,0.030000000000
1488246785,1204.000000000000,0.030000000000
1488246785,1204.000000000000,0.030000000000
1488246786,1204.000000000000,0.030000000000
1488246786,1204.000000000000,0.030000000000
1488246786,1204.000000000000,0.030000000000
1488246786,1204.000000000000,0.030000000000
1488246786,1204.000000000000,0.030000000000
1488246786,1204.000000000000,0.030000000000
1488246786,1204.000000000000,0.030000000000
1488246786,1204.000000000000,0.030000000000
1488246787,1204.000000000000,0.030000000000
1488246787,1204.000000000000,0.030000000000
1488246787,1204.000000000000,0.030000000000
1488246787,1204.000000000000,0.030000000000
1488246787,1204.000000000000,0.030000000000
1488246787,1204.000000000000,0.030000000000
1488246787,1204.000000000000,0.030000000000
1488246788,1204.000000000000,0.030000000000
1488246788,1204.000000000000,0.030000000000
1488246788,1204.000000000000,0.030000000000
1488246788,1204.000000000000,0.030000000000
1488246788,1204.000000000000,0.030000000000
1488246788,1204.000000000000,0.030000000000
1488246788,1204.000000000000,0.030000000000
1488246789,1204.000000000000,0.030000000000
1488246789,1204.000000000000,0.030000000000
1488246789,1204.000000000000,0.030000000000
1488246789,1204.000000000000,0.030000000000
1488246789,1204.000000000000,0.030000000000
1488246789,1204.000000000000,0.030000000000
1488246789,1204.000000000000,0.030000000000
1488246790,1204.000000000000,0.030000000000
1488246790,1204.000000000000,0.030000000000
1488246790,1204.000000000000,0.030000000000
1488246790,1204.000000000000,0.030000000000
1488246790,1204.000000000000,0.030000000000
1488246790,1204.000000000000,0.030000000000
1488246790,1204.000000000000,0.030000000000
1488246791,1204.000000000000,0.030000000000
1488246791,1204.000000000000,0.030000000000
1488246791,1204.000000000000,0.030000000000
1488246791,1204.000000000000,0.030000000000
1488246791,1204.000000000000,0.030000000000
1488246791,1204.000000000000,0.030000000000
1488246791,1204.000000000000,0.030000000000
1488246792,1204.000000000000,0.030000000000
1488246792,1204.000000000000,0.030000000000
1488246792,1204.000000000000,0.030000000000
1488246792,1204.000000000000,0.030000000000
1488246792,1204.000000000000,0.030000000000
1488246792,1204.000000000000,0.030000000000
1488246792,1204.000000000000,0.030000000000
1488246793,1204.210000000000,4.977800000000
1488246794,1204.210000000000,0.059900000000
1488246853,1204.210000000000,0.023900000000
1488246926,1204.210000000000,0.034400000000
1488247102,1204.210000000000,0.044900000000
1488247108,1204.210000000000,0.044900000000
1488247126,1204.210000000000,7.609500000000
1488247126,1204.210000000000,8.357300000000
1488247127,1204.210000000000,3.085400000000
1488247205,1205.370000000000,0.015000000000
1488247298,1205.130000000000,0.007500000000
1488247304,1205.130000000000,0.022400000000
1488247323,1205.130000000000,0.029900000000
1488247370,1205.390000000000,0.018700000000
1488247530,1205.390000000000,0.084000000000
1488247584,1207.130000000000,0.044800000000
1488247613,1207.840000000000,0.034300000000
1488247638,1207.840000000000,0.059700000000
1488247644,1208.530000000000,0.014900000000
1488247652,1207.670000000000,1.279600000000
1488247664,1207.960000000000,0.496800000000
1488247840,1208.930000000000,0.149000000000
1488247958,1208.930000000000,0.017200000000
1488247966,1208.930000000000,0.009000000000
1488247979,1208.930000000000,0.054000000000
1488247979,1208.930000000000,0.084000000000
1488247979,1208.930000000000,0.084000000000
1488247979,1208.930000000000,0.057800000000
1488247979,1208.930000000000,0.084000000000
1488248077,1209.240000000000,0.089000000000
1488248078,1209.240000000000,0.090000000000
1488248078,1209.240000000000,0.091000000000
1488248079,1209.060000000000,0.039000000000
1488248079,1209.240000000000,0.091000000000
1488248170,1209.820000000000,0.013400000000
1488248296,1209.820000000000,0.084000000000
1488248296,1209.820000000000,0.070600000000
1488248296,1209.820000000000,0.084000000000
1488248312,1210.740000000000,0.024600000000
1488248340,1210.740000000000,0.030500000000
1488248446,1210.740000000000,0.178700000000
1488248450,1209.890000000000,8.295000000000
1488248516,1210.550000000000,0.171300000000
1488248535,1210.550000000000,0.014900000000
1488248613,1210.470000000000,0.081200000000
1488248630,1210.720000000000,0.037300000000
1488248726,1210.670000000000,0.075200000000
1488248743,1210.670000000000,0.043200000000
1488248762,1210.670000000000,0.029800000000
1488248808,1210.670000000000,0.037200000000
1488248819,1210.670000000000,0.036500000000
1488248862,1210.670000000000,0.074500000000
1488248874,1210.670000000000,0.074500000000
1488248890,1210.670000000000,0.253300000000
1488248925,1210.670000000000,0.017100000000
1488248930,1210.670000000000,0.007400000000
1488249006,1209.870000000000,0.091000000000
1488249006,1209.870000000000,0.092000000000
1488249007,1209.870000000000,0.091000000000
1488249007,1209.870000000000,0.089000000000
1488249012,1210.070000000000,0.037200000000
1488249023,1208.460000000000,0.088000000000
1488249024,1208.460000000000,0.088000000000
1488249024,1208.460000000000,0.088000000000
1488249024,1208.460000000000,0.089000000000
1488249024,1208.460000000000,0.088000000000
1488249027,1207.760000000000,7.796000000000
1488249060,1198.640000000000,0.179100000000
1488249067,1197.810000000000,0.089000000000
1488249067,1197.810000000000,0.090000000000
1488249067,1197.810000000000,0.089000000000
1488249067,1197.690000000000,0.089000000000
1488249078,1196.630000000000,0.150000000000
1488249100,1195.390000000000,0.022500000000
1488249105,1194.450000000000,0.089000000000
1488249106,1194.450000000000,0.091000000000
1488249106,1194.450000000000,0.092000000000
1488249106,1194.450000000000,0.091000000000
1488249106,1194.450000000000,0.092000000000
1488249109,1193.820000000000,0.037500000000
1488249130,1194.720000000000,0.034700000000
1488249140,1194.940000000000,8.341000000000
1488249141,1194.940000000000,3.359000000000
1488249149,1195.710000000000,0.187600000000
1488249172,1195.640000000000,0.091000000000
1488249172,1195.640000000000,0.090000000000
1488249172,1195.650000000000,0.044000000000
1488249212,1195.820000000000,0.079100000000
1488249240,1195.820000000000,0.004900000000
1488249241,1195.820000000000,0.018400000000
1488249242,1195.820000000000,0.066600000000
1488249242,1195.820000000000,0.085000000000
1488249242,1196.230000000000,0.700000000000
1488249258,1198.460000000000,0.010500000000
1488249261,1199.680000000000,0.017300000000
1488249269,1200.130000000000,0.019600000000
1488249334,1200.920000000000,0.051800000000
1488249389,1201.180000000000,0.089000000000
1488249389,1201.180000000000,0.092000000000
1488249389,1201.180000000000,0.100000000000
1488249389,1201.180000000000,0.089000000000
1488249389,1201.180000000000,0.091000000000
1488249389,1201.180000000000,0.089000000000
1488249389,1201.180000000000,0.092000000000
1488249390,1201.180000000000,0.092000000000
1488249390,1201.180000000000,0.089000000000
1488249390,1201.180000000000,0.090000000000
1488249390,1201.180000000000,0.090000000000
1488249488,1202.190000000000,0.018800000000
1488249492,1202.190000000000,0.015000000000
1488249509,1202.190000000000,0.015000000000
1488249518,1202.190000000000,0.020200000000
1488249583,1201.870000000000,0.089000000000
1488249583,1201.870000000000,0.090000000000
1488249583,1202.190000000000,0.093000000000
1488249584,1201.870000000000,0.091000000000
1488249584,1201.870000000000,0.091000000000
1488249584,1201.870000000000,0.090000000000
1488249585,1201.870000000000,0.092000000000
1488249585,1201.870000000000,0.090000000000
1488249585,1201.730000000000,0.551800000000
1488249587,1202.360000000000,0.008200000000
1488249624,1202.650000000000,0.002200000000
1488249634,1203.110000000000,0.030300000000
1488249729,1203.120000000000,0.090000000000
1488249729,1203.120000000000,0.090000000000
1488249730,1203.120000000000,0.091000000000
1488249730,1203.120000000000,0.243800000000
1488249730,1203.120000000000,0.093000000000
1488249730,1203.120000000000,7.845700000000
1488249730,1203.120000000000,8.210500000000
1488249730,1203.120000000000,0.092000000000
1488249731,1203.120000000000,0.091000000000
1488249731,1203.120000000000,0.091000000000
1488249731,1203.120000000000,0.093000000000
1488249731,1203.120000000000,0.089000000000
1488249731,1203.120000000000,0.093000000000
1488249981,1202.760000000000,0.065000000000
1488249981,1202.760000000000,0.085000000000
1488250014,1202.760000000000,0.019000000000
1488250015,1203.460000000000,0.005700000000
1488250070,1204.030000000000,0.224600000000
1488250100,1204.800000000000,0.104000000000
1488250215,1205.880000000000,0.009000000000
1488250263,1204.910000000000,0.030100000000
1488250443,1206.870000000000,0.071400000000
1488250483,1205.810000000000,0.001200000000
1488250520,1206.220000000000,0.029900000000
1488250569,1206.210000000000,0.074700000000
1488250639,1206.660000000000,0.020000000000
1488250709,1207.160000000000,0.006000000000
1488250754,1207.160000000000,0.080000000000
1488250754,1207.160000000000,0.074000000000
1488250827,1209.520000000000,0.000700000000
1488250965,1209.370000000000,0.093000000000
1488250965,1209.370000000000,0.064000000000
1488250965,1209.370000000000,0.093000000000
1488250965,1209.370000000000,0.092000000000
1488250965,1209.370000000000,0.091000000000
1488250985,1209.130000000000,1.900000000000
1488250985,1209.130000000000,0.084000000000
1488250986,1209.530000000000,0.084000000000
1488250989,1209.460000000000,2.070000000000
1488251051,1211.050000000000,0.089400000000
1488251095,1211.050000000000,0.084000000000
1488251095,1211.050000000000,0.083000000000
1488251095,1211.050000000000,0.084000000000
1488251135,1211.200000000000,7.305200000000
1488251135,1211.670000000000,2.471000000000
1488251136,1211.000000000000,0.223800000000
1488251151,1211.670000000000,0.093000000000
1488251151,1211.670000000000,0.092000000000
1488251151,1211.650000000000,0.022000000000
1488251151,1211.670000000000,0.093000000000
1488251151,1211.670000000000,0.092000000000
1488251151,1211.670000000000,0.094000000000
1488251216,1212.400000000000,0.018600000000
1488251229,1211.950000000000,0.017100000000
1488251342,1210.810000000000,0.084000000000
1488251343,1210.810000000000,0.060000000000
1488251343,1210.810000000000,0.083000000000
1488251350,1211.100000000000,0.104300000000
1488251399,1209.710000000000,0.052200000000
1488251444,1209.700000000000,0.083000000000
1488251444,1209.700000000000,0.084000000000
1488251446,1209.210000000000,0.094000000000
1488251522,1208.870000000000,0.029800000000
1488251524,1208.010000000000,0.000100000000
1488251525,1208.010000000000,0.001700000000
1488251525,1208.010000000000,0.002600000000
1488251538,1208.870000000000,0.007500000000
1488251595,1208.870000000000,0.104400000000
1488251604,1208.870000000000,0.037300000000
1488251617,1208.520000000000,0.007500000000
1488251621,1208.510000000000,0.018700000000
1488251658,1208.510000000000,0.037300000000
1488251713,1208.510000000000,0.017200000000
1488251761,1208.510000000000,0.084000000000
1488251761,1208.640000000000,2.476000000000
1488251761,1208.510000000000,0.084000000000
1488251761,1208.510000000000,0.084000000000
1488251761,1208.510000000000,0.029500000000
1488251774,1209.410000000000,0.037300000000
1488251788,1209.340000000000,0.017200000000
1488251797,1209.340000000000,0.018600000000
1488251815,1209.120000000000,0.017200000000
1488251828,1208.500000000000,0.093000000000
1488251828,1208.500000000000,0.094000000000
1488251829,1208.500000000000,0.094000000000
1488251829,1208.360000000000,1.500000000000
1488251829,1208.500000000000,0.092000000000
1488251829,1208.500000000000,0.094000000000
1488251859,1208.630000000000,0.046200000000
1488251865,1208.630000000000,0.014900000000
1488251890,1208.950000000000,0.283400000000
1488251894,1208.950000000000,0.014900000000
1488251906,1209.160000000000,0.022400000000
1488252108,1207.850000000000,0.094000000000
1488252108,1207.850000000000,0.095000000000
1488252108,1207.850000000000,0.093000000000
1488252108,1207.850000000000,0.096000000000
1488252108,1207.850000000000,0.095000000000
1488252213,1203.210000000000,0.044800000000
1488252251,1202.900000000000,1.000000000000
1488252270,1202.540000000000,0.097000000000
1488252270,1202.540000000000,0.095000000000
1488252271,1202.540000000000,0.097000000000
1488252271,1202.540000000000,0.092000000000
1488252271,1202.540000000000,0.093000000000
1488252271,1202.540000000000,0.093000000000
1488252301,1195.500000000000,0.000200000000
1488252303,1195.500000000000,4.999800000000
1488252319,1190.050000000000,0.495600000000
1488252337,1186.220000000000,0.150000000000
1488252340,1185.500000000000,5.000000000000
1488252381,1180.820000000000,0.100000000000
1488252384,1180.800000000000,2.535000000000
1488252398,1180.520000000000,7.320800000000
1488252398,1180.420000000000,0.148000000000
1488252399,1180.520000000000,7.869800000000
1488252400,1180.820000000000,0.084000000000
1488252400,1180.520000000000,7.267300000000
1488252400,1180.520000000000,7.294500000000
1488252400,1180.520000000000,1.647600000000
1488252401,1180.820000000000,0.085000000000
1488252426,1183.560000000000,1.000000000000
1488252441,1183.620000000000,0.003100000000
1488252452,1185.430000000000,0.001600000000
1488252454,1185.560000000000,2.527000000000
1488252543,1190.630000000000,0.930000000000
1488252548,1190.630000000000,0.500000000000
1488252558,1191.150000000000,2.260000000000
1488252589,1191.000000000000,0.230000000000
1488252610,1191.720000000000,1.520000000000
1488252613,1191.000000000000,0.000400000000
1488252637,1192.330000000000,3.020000000000
1488252656,1192.290000000000,1.001500000000
1488252662,1195.020000000000,0.053000000000
1488252693,1197.540000000000,0.970000000000
1488252697,1197.540000000000,1.970000000000
1488252701,1197.430000000000,1.120000000000
1488252747,1197.610000000000,0.000800000000
1488252788,1197.610000000000,0.030100000000
1488252861,1197.610000000000,0.086000000000
1488252862,1198.220000000000,1.830000000000
1488252862,1197.610000000000,0.084000000000
1488252913,1199.510000000000,0.022600000000
1488252959,1198.630000000000,0.101000000000
1488252959,1198.630000000000,0.097000000000
1488252959,1198.630000000000,0.096000000000
1488252959,1198.640000000000,2.496000000000
1488252959,1198.630000000000,0.095000000000
1488252959,1198.630000000000,2.000000000000
1488252960,1198.630000000000,0.101000000000
1488252960,1198.310000000000,0.091000000000
1488252960,1198.630000000000,0.099000000000
1488252960,1198.630000000000,0.100000000000
1488252961,1198.290000000000,0.098000000000
1488252961,1198.290000000000,0.101000000000
1488252962,1198.290000000000,0.147000000000
1488253121,1198.010000000000,0.096000000000
1488253121,1198.010000000000,0.101000000000
1488253121,1198.010000000000,0.100000000000
1488253122,1198.010000000000,0.098000000000
1488253122,1198.010000000000,0.096000000000
1488253122,1198.010000000000,0.101000000000
1488253123,1198.010000000000,0.102000000000
1488253123,1198.010000000000,0.091000000000
1488253123,1198.010000000000,0.098000000000
1488253124,1198.010000000000,0.102000000000
1488253124,1197.870000000000,7.013200000000
1488253132,1197.870000000000,2.001800000000
1488253132,1198.350000000000,2.501000000000
1488253133,1198.360000000000,3.330600000000
1488253304,1198.640000000000,0.007500000000
1488253423,1198.750000000000,0.030800000000
1488253463,1198.740000000000,0.180400000000
1488253472,1198.740000000000,0.012000000000
1488253485,1198.500000000000,0.022600000000
1488253523,1198.280000000000,0.093000000000
1488253523,1198.280000000000,0.100000000000
1488253523,1198.280000000000,0.098000000000
1488253523,1198.280000000000,0.105000000000
1488253523,1198.280000000000,0.104000000000
1488253536,1195.890000000000,0.099000000000
1488253536,1195.890000000000,0.101000000000
1488253536,1195.890000000000,0.101000000000
1488253536,1195.890000000000,0.094000000000
1488253536,1195.890000000000,0.106000000000
1488253537,1195.830000000000,0.150000000000
1488253562,1195.820000000000,0.018800000000
1488253568,1195.820000000000,0.182000000000
1488253568,1195.820000000000,4.281200000000
1488253703,1195.000000000000,7.080000000000
1488253703,1195.560000000000,7.800200000000
1488253704,1195.000000000000,4.803900000000
1488253704,1195.000000000000,7.315900000000
1488253761,1196.270000000000,0.052700000000
1488253807,1196.230000000000,0.107000000000
1488253850,1195.990000000000,0.108000000000
1488253850,1195.990000000000,0.104000000000
1488253851,1195.990000000000,0.096000000000
1488253913,1195.000000000000,0.007500000000
1488254022,1194.830000000000,0.096000000000
1488254022,1194.830000000000,0.109000000000
1488254022,1194.830000000000,0.105000000000
1488254023,1194.830000000000,0.105000000000
1488254023,1194.830000000000,0.099000000000
1488254023,1194.830000000000,0.106000000000
1488254023,1194.830000000000,0.104000000000
1488254023,1194.830000000000,0.104000000000
1488254028,1193.540000000000,0.024900000000
1488254054,1194.130000000000,0.097000000000
1488254061,1192.640000000000,0.008100000000
1488254062,1192.640000000000,0.021300000000
1488254128,1192.640000000000,0.098000000000
1488254138,1192.060000000000,0.150000000000
1488254184,1192.490000000000,0.045300000000
1488254189,1192.490000000000,1.954700000000
1488254215,1192.640000000000,0.022600000000
1488254238,1192.640000000000,0.072800000000
1488254245,1191.780000000000,0.069000000000
1488254245,1191.780000000000,0.108000000000
1488254245,1191.780000000000,0.099000000000
1488254434,1192.230000000000,0.108000000000
1488254434,1192.230000000000,0.100000000000
1488254435,1192.230000000000,0.114000000000
1488254435,1192.230000000000,0.109000000000
1488254467,1189.780000000000,2.571000000000
1488254491,1190.010000000000,1.000000000000
1488254491,1190.010000000000,0.085000000000
1488254613,1189.700000000000,0.227100000000
1488254694,1186.870000000000,0.011400000000
1488254739,1185.880000000000,0.303400000000
1488254760,1186.400000000000,0.030300000000
1488254859,1184.470000000000,5.700000000000
1488254910,1184.410000000000,0.112000000000
1488254910,1184.410000000000,0.112000000000
1488254910,1184.410000000000,0.115000000000
1488254910,1184.410000000000,0.103000000000
1488254910,1184.410000000000,0.131000000000
1488254918,1184.310000000000,0.015200000000
1488254922,1184.780000000000,0.113100000000
1488255055,1184.430000000000,0.091100000000
1488255154,1184.040000000000,0.041800000000
1488255173,1184.040000000000,0.060800000000
1488255213,1184.810000000000,0.058600000000
1488255237,1185.550000000000,0.022800000000
1488255259,1186.030000000000,0.019000000000
1488255408,1186.860000000000,0.075900000000
1488255611,1187.330000000000,0.000100000000
1488255663,1189.560000000000,0.113000000000
1488255663,1189.560000000000,0.133000000000
1488255663,1189.580000000000,2.510000000000
1488255663,1189.570000000000,4.000000000000
1488255663,1189.560000000000,0.110000000000
1488255666,1189.460000000000,0.101000000000
1488255726,1189.460000000000,0.009100000000
1488255807,1190.900000000000,0.083200000000
1488255856,1191.400000000000,0.015100000000
1488255905,1191.290000000000,0.021900000000
1488255984,1190.910000000000,0.000100000000
1488256033,1190.940000000000,2.508000000000
1488256033,1190.930000000000,0.114000000000
1488256033,1190.930000000000,0.081000000000
1488256033,1190.930000000000,0.113000000000
1488256033,1190.930000000000,0.111000000000
1488256034,1190.930000000000,0.082000000000
1488256034,1190.930000000000,0.082000000000
1488256034,1190.930000000000,0.104000000000
1488256034,1190.930000000000,0.134000000000
1488256034,1190.930000000000,0.115000000000
1488256034,1190.930000000000,0.105000000000
1488256034,1190.930000000000,0.119000000000
1488256040,1190.900000000000,0.104000000000
1488256060,1190.900000000000,0.108000000000
1488256074,1190.900000000000,3.481400000000
1488256123,1190.900000000000,0.003200000000
1488256132,1190.640000000000,0.112000000000
1488256132,1190.640000000000,0.116000000000
1488256133,1190.450000000000,0.117000000000
1488256133,1190.630000000000,0.135000000000
1488256133,1190.640000000000,0.120000000000
1488256154,1191.310000000000,0.045400000000
1488256248,1191.440000000000,0.018900000000
1488256265,1190.580000000000,0.011200000000
1488256441,1192.050000000000,0.004500000000
1488256453,1192.050000000000,0.004000000000
1488256602,1192.920000000000,0.075500000000
1488256606,1192.530000000000,0.136000000000
1488256606,1192.530000000000,0.106000000000
1488256607,1192.530000000000,0.113000000000
1488256607,1192.530000000000,0.121000000000
1488256607,1192.530000000000,0.117000000000
1488256607,1192.530000000000,0.114000000000
1488256607,1192.530000000000,0.115000000000
1488256647,1187.100000000000,0.000100000000
1488257180,1198.740000000000,0.214800000000
1488258204,1198.990000000000,0.076100000000
1488259433,1190.470000000000,0.000100000000
1488260284,1196.980000000000,0.078400000000
1488260374,1191.040000000000,0.000100000000
1488260885,1196.980000000000,0.022200000000
1488260885,1196.980000000000,0.006600000000
1488260983,1191.110000000000,0.000100000000
1488261261,1191.220000000000,0.000100000000
1488261646,1196.980000000000,0.009200000000
1488261779,1196.980000000000,0.052600000000
1488261780,1196.980000000000,0.084000000000
1488261780,1196.980000000000,0.086000000000
1488261780,1196.980000000000,0.086000000000
1488261781,1198.010000000000,0.002000000000
1488261870,1198.010000000000,0.134500000000
1488262352,1198.020000000000,0.116900000000
1488262653,1198.010000000000,0.028200000000
1488264491,1194.990000000000,0.074700000000
1488264694,1194.990000000000,0.118000000000
1488264694,1194.990000000000,0.122000000000
1488264694,1194.990000000000,0.040300000000
1488264695,1194.990000000000,0.137000000000
1488264695,1194.990000000000,0.114000000000
1488264695,1194.990000000000,0.104000000000
1488264696,1194.990000000000,0.114000000000
1488264696,1194.990000000000,0.107000000000
1488264732,1194.380000000000,0.090000000000
1488265381,1181.330000000000,0.000100000000
1488266844,1193.000000000000,0.040000000000
1488266850,1193.000000000000,1.000000000000
1488266853,1193.000000000000,0.140000000000
1488266859,1193.000000000000,0.100000000000
1488266862,1193.000000000000,0.300000000000
1488266903,1192.990000000000,0.186000000000
1488266904,1193.000000000000,1.754000000000
1488266906,1193.000000000000,1.060000000000
1488266915,1193.000000000000,0.259600000000
1488267082,1193.000000000000,0.360000000000
1488267086,1193.000000000000,1.700000000000
1488267089,1193.000000000000,0.100000000000
1488267092,1193.000000000000,0.630000000000
1488267159,1192.990000000000,0.037800000000
1488267441,1190.000000000000,0.018200000000
1488267498,1190.000000000000,0.037800000000
1488267611,1190.000000000000,0.100000000000
1488267635,1190.000000000000,0.045700000000
1488267825,1190.000000000000,0.216100000000
1488267830,1190.000000000000,0.090000000000
1488268006,1190.000000000000,0.088200000000
1488268115,1190.000000000000,0.010100000000
1488268323,1189.990000000000,0.165700000000
1488268368,1189.990000000000,0.149700000000
1488268449,1189.990000000000,0.010000000000
1488268472,1189.990000000000,0.010000000000
1488268686,1189.990000000000,0.012300000000
1488268699,1189.990000000000,0.051600000000
1488269051,1190.000000000000,0.060000000000
1488269214,1190.000000000000,0.016200000000
1488269272,1190.000000000000,0.082400000000
1488269611,1190.000000000000,0.080000000000
1488269676,1190.000000000000,0.203400000000
1488269821,1188.090000000000,0.000500000000
1488270165,1190.000000000000,2.570000000000
1488270169,1190.000000000000,4.200000000000
1488270173,1190.000000000000,3.070000000000
1488270175,1190.000000000000,0.160000000000
1488270181,1190.000000000000,0.020300000000
1488270395,1190.000000000000,0.280000000000
1488270399,1190.000000000000,0.220000000000
1488270511,1190.000000000000,0.100000000000
1488270616,1190.000000000000,0.069100000000
1488270631,1190.000000000000,0.080000000000
1488270936,1190.000000000000,0.037700000000
1488270955,1190.000000000000,0.010400000000
1488271312,1190.000000000000,0.090000000000
1488271485,1190.000000000000,0.020300000000
1488271784,1190.000000000000,1.000000000000
1488271788,1190.000000000000,2.000000000000
1488271793,1190.000000000000,0.950000000000
1488271796,1190.000000000000,0.100000000000
1488271799,1190.000000000000,0.100000000000
1488271992,1190.000000000000,0.101600000000
1488272077,1189.190000000000,0.001600000000
1488272115,1190.000000000000,100.000000000000
1488272153,1190.000000000000,0.008600000000
1488272200,1190.000000000000,0.003100000000
1488272291,1190.000000000000,0.090000000000
1488272352,1190.000000000000,0.259700000000
1488272671,1190.000000000000,0.090000000000
1488272834,1190.000000000000,0.036300000000
1488273231,1190.000000000000,0.008600000000
1488273262,1190.000000000000,0.020000000000
1488273312,1190.000000000000,0.090000000000
1488273365,1190.000000000000,0.021600000000
1488273392,1190.000000000000,0.090000000000
1488273408,1190.000000000000,0.810000000000
1488273412,1190.000000000000,0.190000000000
1488273415,1190.000000000000,1.000000000000
1488273419,1190.000000000000,0.320000000000
1488273421,1190.000000000000,0.500000000000
1488273425,1190.000000000000,0.008600000000
1488273471,1190.000000000000,0.070000000000
1488273676,1190.000000000000,0.017200000000
1488273711,1190.000000000000,0.100000000000
1488273913,1189.990000000000,0.034500000000
1488274085,1189.490000000000,0.083000000000
1488274085,1189.490000000000,0.083000000000
1488274086,1189.490000000000,0.083000000000
1488274086,1189.490000000000,0.083000000000
1488274086,1189.490000000000,0.083000000000
1488274087,1189.490000000000,0.083000000000
1488274087,1189.490000000000,0.083000000000
1488274087,1189.490000000000,0.083000000000
1488274547,1186.000000000000,0.145600000000
1488274782,1185.990000000000,0.065900000000
1488274862,1185.990000000000,0.122100000000
1488274863,1185.990000000000,2.522000000000
1488274864,1186.000000000000,47.355900000000
1488275064,1186.000000000000,0.058400000000
1488275314,1186.000000000000,0.051000000000
1488275343,1186.000000000000,0.181400000000
1488275382,1200.000000000000,0.016500000000
1488275527,1188.000000000000,0.203700000000
1488275674,1188.000000000000,0.402500000000
1488275745,1188.000000000000,0.152700000000
1488275973,1188.000000000000,0.030500000000
1488276125,1188.000000000000,0.058200000000
1488276137,1188.000000000000,0.017300000000
1488276446,1188.000000000000,0.081300000000
1488276771,1188.000000000000,0.616900000000
1488276787,1188.000000000000,3.260000000000
1488276791,1188.000000000000,0.960000000000
1488276813,1188.000000000000,0.012300000000
1488277203,1188.000000000000,0.008600000000
1488277349,1187.990000000000,0.016400000000
1488277576,1186.090000000000,0.001200000000
1488277593,1186.090000000000,0.004500000000
1488278118,1188.000000000000,50.000000000000
1488278572,1186.190000000000,0.000100000000
1488278592,1188.000000000000,0.010000000000
1488278593,1188.000000000000,0.010000000000
1488278601,1188.000000000000,0.010000000000
1488278610,1188.000000000000,0.010000000000
1488278618,1188.000000000000,0.010000000000
1488278627,1188.000000000000,0.010000000000
1488278698,1188.000000000000,0.010000000000
1488278707,1188.000000000000,0.010000000000
1488278808,1188.000000000000,2.020000000000
1488278813,1188.000000000000,3.100000000000
1488278816,1188.000000000000,3.000000000000
1488278822,1188.000000000000,0.080000000000
1488278825,1188.000000000000,3.060000000000
1488278826,1188.000000000000,3.180000000000
1488278828,1188.000000000000,3.760000000000
1488278832,1188.000000000000,0.360000000000
1488278834,1188.000000000000,4.100000000000
1488278835,1188.000000000000,0.008600000000
1488278837,1188.000000000000,3.170000000000
1488278839,1188.000000000000,1.590000000000
1488278841,1188.000000000000,1.580000000000
1488278895,1188.000000000000,0.040000000000
1488278902,1188.000000000000,3.120000000000
1488278906,1188.000000000000,2.120000000000
1488278919,1188.000000000000,0.031500000000
1488278928,1188.000000000000,10.000000000000
1488278932,1188.000000000000,10.000000000000
1488278962,1188.000000000000,20.000000000000
1488278994,1188.000000000000,5.000000000000
1488279039,1188.000000000000,2.230000000000
1488279044,1188.000000000000,0.640000000000
1488279047,1188.000000000000,4.150000000000
1488279051,1188.000000000000,0.210000000000
1488279053,1188.000000000000,3.130000000000
1488279057,1188.000000000000,2.550000000000
1488279058,1188.000000000000,3.540000000000
1488279061,1188.000000000000,2.600000000000
1488279063,1188.000000000000,4.050000000000
1488279065,1188.000000000000,3.030000000000
1488279068,1188.000000000000,1.950000000000
1488279070,1188.000000000000,1.490000000000
1488279072,1188.000000000000,4.180000000000
1488279076,1188.000000000000,2.320000000000
1488279078,1188.000000000000,1.150000000000
1488279080,1188.000000000000,3.070000000000
1488279083,1188.000000000000,0.850000000000
1488279085,1188.000000000000,3.020000000000
1488279087,1188.000000000000,3.060000000000
1488279088,1188.000000000000,0.030000000000
1488279090,1188.000000000000,1.120000000000
1488279200,1188.000000000000,30.000000000000
1488279777,1188.000000000000,0.171900000000
1488280379,1187.980000000000,0.047300000000
1488280651,1188.000000000000,0.620000000000
1488280674,1187.940000000000,0.084000000000
1488280675,1187.940000000000,0.084000000000
1488280675,1187.940000000000,0.084000000000
1488280675,1187.940000000000,0.084000000000
1488280676,1186.360000000000,0.084000000000
1488280676,1186.360000000000,0.084000000000
1488280676,1187.940000000000,0.084000000000
1488280762,1185.550000000000,1.580000000000
1488280766,1185.550000000000,0.920000000000
1488281005,1185.660000000000,0.000100000000
1488281057,1185.710000000000,0.450000000000
1488281058,1185.700000000000,0.083000000000
1488281058,1185.700000000000,0.084000000000
1488281058,1185.700000000000,0.082000000000
1488281059,1185.690000000000,0.083000000000
1488281059,1185.690000000000,0.084000000000
1488281059,1185.700000000000,0.083000000000
1488281060,1185.680000000000,0.082000000000
1488281060,1185.690000000000,0.083000000000
1488281060,1185.690000000000,0.083000000000
1488281061,1185.660000000000,0.084000000000
1488281061,1185.660000000000,0.084000000000
1488281062,1185.660000000000,0.084000000000
1488281063,1185.660000000000,0.081000000000
1488281169,1185.560000000000,0.085000000000
1488281170,1185.560000000000,0.085000000000
1488281170,1185.560000000000,0.085000000000
1488281170,1185.560000000000,0.085000000000
1488281171,1185.560000000000,0.085000000000
1488281171,1185.550000000000,0.090000000000
1488281171,1185.430000000000,0.090000000000
1488281736,1184.990000000000,0.194000000000
1488281736,1185.000000000000,0.083000000000
1488281737,1185.000000000000,0.005000000000
1488282149,1185.000000000000,0.015000000000
1488282302,1185.000000000000,0.012900000000
1488282302,1185.000000000000,0.063000000000
1488282362,1184.550000000000,2.000000000000
1488283264,1184.860000000000,0.070000000000
1488283264,1184.860000000000,0.083000000000
1488284892,1185.000000000000,0.005300000000
1488284912,1185.000000000000,0.096500000000
1488284919,1185.000000000000,1.828700000000
1488284988,1185.000000000000,0.005300000000
1488285095,1185.000000000000,0.015200000000
1488285120,1185.000000000000,0.008400000000
1488285173,1185.000000000000,0.019000000000
1488285421,1184.990000000000,0.007600000000
1488285926,1184.930000000000,0.012200000000
1488286266,1184.930000000000,0.015200000000
1488286347,1184.930000000000,0.034200000000
1488286468,1184.930000000000,0.021400000000
1488286468,1184.930000000000,0.012800000000
1488286540,1184.930000000000,0.010600000000
1488286675,1184.930000000000,0.017500000000
1488286697,1184.930000000000,0.015900000000
1488286724,1184.930000000000,0.015200000000
1488286815,1184.970000000000,2.368000000000
1488286815,1184.930000000000,0.003000000000
1488286815,1184.930000000000,0.069000000000
1488286843,1183.850000000000,0.000100000000
1488286866,1185.000000000000,0.045600000000
1488287226,1185.000000000000,0.009100000000
1488287335,1185.000000000000,0.006800000000
1488287476,1185.000000000000,0.011400000000
1488287560,1185.000000000000,0.011400000000
1488287605,1185.000000000000,0.006100000000
1488287799,1185.000000000000,0.007600000000
1488287899,1185.000000000000,0.015200000000
1488288051,1185.000000000000,0.009100000000
1488288259,1184.800000000000,0.000400000000
1488288268,1185.000000000000,7.616800000000
1488288269,1185.000000000000,7.122400000000
1488288311,1185.000000000000,0.113800000000
1488288401,1185.000000000000,0.376000000000
1488288478,1185.000000000000,7.417700000000
1488288479,1185.000000000000,7.410500000000
1488288480,1185.000000000000,7.123900000000
1488288480,1185.000000000000,6.844300000000
1488288480,1185.000000000000,6.745500000000
1488288574,1185.000000000000,0.009100000000
1488288584,1185.000000000000,0.015200000000
1488288647,1185.000000000000,0.003100000000
1488288718,1184.940000000000,0.003100000000
1488288728,1185.000000000000,7.585700000000
1488288729,1185.000000000000,7.516100000000
1488288729,1185.000000000000,7.729200000000
1488288729,1185.000000000000,6.985500000000
1488288729,1185.000000000000,7.653800000000
1488288730,1185.000000000000,7.262400000000
1488288730,1185.000000000000,7.269600000000
1488288765,1185.000000000000,1.660000000000
1488288769,1185.000000000000,0.840000000000
1488288773,1185.000000000000,0.950000000000
1488288777,1185.000000000000,2.050000000000
1488288781,1185.000000000000,1.000000000000
1488288801,1185.000000000000,0.628600000000
1488288908,1185.000000000000,6.309600000000
1488288909,1185.000000000000,6.606600000000
1488288909,1185.000000000000,6.300800000000
1488288909,1185.000000000000,6.967900000000
1488288910,1185.000000000000,6.192000000000
1488288910,1185.000000000000,7.467800000000
1488288910,1185.000000000000,6.090000000000
1488288966,1185.000000000000,0.009900000000
1488288971,1185.000000000000,2.950000000000
1488288975,1185.000000000000,1.840000000000
1488288978,1185.000000000000,0.220000000000
1488288982,1185.000000000000,2.880000000000
1488288985,1185.000000000000,7.163600000000
1488288986,1185.000000000000,6.857700000000
1488288986,1185.000000000000,6.003600000000
1488288987,1185.000000000000,7.139200000000
1488288987,1185.000000000000,2.120000000000
1488288987,1185.000000000000,6.894200000000
1488288987,1185.000000000000,6.986200000000
1488288988,1185.000000000000,6.657500000000
1488288988,1185.000000000000,5.870900000000
1488288988,1185.000000000000,6.930700000000
1488288988,1185.000000000000,6.570100000000
1488288989,1185.000000000000,6.704300000000
1488288989,1185.000000000000,5.776300000000
1488288991,1185.000000000000,0.340000000000
1488288994,1185.000000000000,1.960000000000
1488288997,1185.000000000000,0.161200000000
1488288997,1186.140000000000,3.318800000000
1488288999,1186.120000000000,4.220000000000
1488289044,1185.980000000000,0.004500000000
1488289134,1186.110000000000,0.007600000000
1488289166,1186.110000000000,0.028000000000
1488289280,1186.230000000000,0.030300000000
1488289408,1186.350000000000,0.015200000000
1488289467,1186.350000000000,0.003800000000
1488289541,1186.350000000000,0.005300000000
1488289591,1186.350000000000,0.936300000000
1488289842,1186.350000000000,0.258900000000
1488289884,1186.350000000000,1.250000000000
1488289885,1186.340000000000,0.086000000000
1488289885,1186.340000000000,0.086000000000
1488289885,1186.340000000000,0.083000000000
1488289885,1186.340000000000,0.086000000000
1488289885,1186.340000000000,0.086000000000
1488289885,1186.340000000000,0.083000000000
1488289885,1186.340000000000,0.083000000000
1488289886,1186.340000000000,0.083000000000
1488289886,1186.340000000000,0.082000000000
1488289886,1186.340000000000,0.081000000000
1488289886,1186.340000000000,0.083000000000
1488289886,1186.340000000000,0.081000000000
1488289886,1186.340000000000,0.086000000000
1488289887,1186.280000000000,0.100000000000
1488289902,1185.350000000000,0.000600000000
1488290428,1186.540000000000,0.017400000000
1488290476,1186.540000000000,0.018800000000
1488290616,1186.610000000000,0.011400000000
1488290661,1186.610000000000,0.018200000000
1488290760,1186.610000000000,0.022700000000
1488291107,1185.930000000000,0.000200000000
1488291213,1186.610000000000,0.045400000000
1488291235,1186.610000000000,0.032800000000
1488291266,1186.570000000000,0.206000000000
1488291352,1186.560000000000,0.028800000000
1488291357,1186.560000000000,0.312000000000
1488291436,1185.930000000000,0.087000000000
1488291436,1185.930000000000,0.086000000000
1488291437,1185.930000000000,0.083000000000
1488291437,1185.930000000000,0.086000000000
1488291437,1185.930000000000,0.086000000000
1488291438,1185.930000000000,0.083000000000
1488291438,1185.930000000000,0.086000000000
1488291438,1185.930000000000,0.083000000000
1488291439,1185.930000000000,0.083000000000
1488291439,1185.710000000000,0.010500000000
1488291439,1185.930000000000,0.083000000000
1488291444,1185.720000000000,0.004500000000
1488291445,1185.720000000000,0.000100000000
1488291461,1186.570000000000,0.045500000000
1488291506,1185.720000000000,0.295400000000
1488291507,1185.720000000000,0.087000000000
1488291507,1185.720000000000,0.087000000000
1488291507,1185.720000000000,0.087000000000
1488291508,1185.720000000000,0.083000000000
1488291508,1185.720000000000,0.087000000000
1488291508,1185.720000000000,0.087000000000
1488291509,1185.720000000000,0.083000000000
1488291509,1185.720000000000,0.083000000000
1488291509,1185.720000000000,0.083000000000
1488291510,1185.720000000000,0.083000000000
1488291510,1185.710000000000,4.654600000000
1488291515,1186.570000000000,0.022700000000
1488291672,1185.830000000000,6.300000000000
1488291735,1185.880000000000,0.087000000000
1488291736,1185.880000000000,0.083000000000
1488291737,1185.880000000000,0.087000000000
1488291738,1185.880000000000,0.087000000000
1488291739,1185.880000000000,0.087000000000
1488291739,1185.880000000000,0.082000000000
1488291739,1185.880000000000,0.081000000000
1488291739,1185.880000000000,0.088000000000
1488291740,1185.840000000000,0.009600000000
1488291740,1185.880000000000,0.082000000000
1488291740,1185.880000000000,0.083000000000
1488291764,1185.840000000000,0.003900000000
1488291804,1186.560000000000,0.018900000000
1488291810,1186.340000000000,0.075800000000
1488291827,1185.840000000000,0.000100000000
1488291845,1185.840000000000,0.000300000000
1488292024,1186.560000000000,0.068200000000
1488292038,1186.560000000000,0.121300000000
1488292052,1186.560000000000,0.037900000000
1488292076,1185.840000000000,0.018200000000
1488292133,1185.840000000000,0.004200000000
1488292154,1186.550000000000,0.005300000000
1488292184,1185.840000000000,0.004200000000
1488292247,1186.560000000000,0.007600000000
1488292370,1185.840000000000,0.083000000000
1488292370,1185.840000000000,0.056000000000
1488292371,1185.840000000000,0.083000000000
1488292371,1185.840000000000,0.083000000000
1488292371,1185.840000000000,0.083000000000
1488292383,1183.910000000000,5.000000000000
1488292408,1183.120000000000,2.525000000000
1488292414,1183.670000000000,0.014400000000
1488292458,1183.210000000000,0.088000000000
1488292458,1183.210000000000,0.088000000000
1488292458,1183.210000000000,0.089000000000
1488292459,1183.210000000000,0.088000000000
1488292459,1183.210000000000,0.088000000000
1488292507,1182.820000000000,2.500000000000
1488292527,1182.820000000000,0.083000000000
1488292527,1182.820000000000,0.083000000000
1488292527,1182.820000000000,0.083000000000
1488292528,1182.820000000000,0.193000000000
1488292528,1182.820000000000,0.083000000000
1488292528,1182.820000000000,0.083000000000
1488292529,1183.110000000000,1.892000000000
1488292532,1182.260000000000,1.192000000000
1488292566,1183.070000000000,0.089000000000
1488292566,1183.070000000000,0.089000000000
1488292566,1183.070000000000,0.470000000000
1488292567,1183.070000000000,0.089000000000
1488292567,1183.070000000000,0.089000000000
1488292567,1183.070000000000,0.089000000000
1488292568,1183.060000000000,0.490000000000
1488292646,1182.530000000000,0.090000000000
1488292646,1182.530000000000,0.089000000000
1488292647,1182.530000000000,0.089000000000
1488292647,1182.480000000000,0.003100000000
1488292647,1182.530000000000,0.089000000000
1488292647,1182.530000000000,0.089000000000
1488292669,1181.990000000000,0.079100000000
1488292704,1180.360000000000,2.500000000000
1488292789,1179.600000000000,0.062100000000
1488292819,1179.600000000000,0.033100000000
1488292867,1179.600000000000,0.160900000000
1488292917,1181.190000000000,0.129400000000
1488292946,1180.870000000000,7.150000000000
1488292964,1180.640000000000,0.083000000000
1488292964,1180.640000000000,0.083000000000
1488292964,1180.640000000000,0.083000000000
1488292964,1180.640000000000,0.082000000000
1488292965,1180.640000000000,0.081000000000
1488292965,1180.640000000000,0.083000000000
1488292965,1180.630000000000,2.532000000000
1488292965,1180.640000000000,0.083000000000
1488292965,1180.640000000000,0.083000000000
1488292975,1181.010000000000,0.100000000000
1488292997,1181.430000000000,0.028800000000
1488293065,1182.090000000000,0.053300000000
1488293074,1182.430000000000,0.051200000000
1488293135,1182.640000000000,0.034900000000
1488293254,1182.030000000000,0.000100000000
1488293354,1182.030000000000,0.005600000000
1488293547,1182.780000000000,0.009900000000
1488293570,1182.720000000000,0.083000000000
1488293570,1182.720000000000,0.083000000000
1488293570,1182.720000000000,2.523000000000
1488293570,1182.720000000000,0.083000000000
1488293584,1182.780000000000,0.003300000000
1488293620,1183.270000000000,0.135900000000
1488293620,1182.780000000000,0.076800000000
1488293683,1182.840000000000,0.100000000000
1488293694,1182.850000000000,0.100000000000
1488293701,1182.850000000000,0.100000000000
1488293707,1182.850000000000,2.680000000000
1488293717,1182.910000000000,0.550000000000
1488293724,1182.920000000000,0.380000000000
1488293727,1182.920000000000,2.430000000000
1488293730,1182.970000000000,2.200000000000
1488293733,1182.990000000000,0.490000000000
1488293736,1182.990000000000,1.510000000000
1488293745,1183.160000000000,0.044100000000
1488293753,1183.160000000000,0.261900000000
1488293768,1182.940000000000,2.500000000000
1488293804,1183.000000000000,0.038000000000
1488293843,1183.000000000000,0.031200000000
1488293905,1183.390000000000,0.056300000000
1488293908,1183.390000000000,0.142100000000
1488293909,1183.390000000000,0.220000000000
1488293917,1183.390000000000,0.080000000000
1488293920,1183.390000000000,3.060000000000
1488293923,1183.710000000000,1.940000000000
1488293931,1183.870000000000,0.490000000000
1488293935,1183.870000000000,2.670000000000
1488293940,1183.860000000000,2.330000000000
1488293943,1183.820000000000,2.020000000000
1488293945,1183.860000000000,0.128000000000
1488293947,1183.860000000000,0.320000000000
1488293952,1183.880000000000,1.070000000000
1488293953,1183.880000000000,0.131000000000
1488293958,1183.880000000000,2.770000000000
1488293959,1183.770000000000,0.053200000000
1488293960,1183.770000000000,1.750000000000
1488293964,1183.870000000000,1.430000000000
1488293964,1183.850000000000,2.500000000000
1488293969,1183.870000000000,0.480000000000
1488293993,1183.860000000000,0.015200000000
1488293997,1184.560000000000,0.036600000000
1488294066,1184.160000000000,0.012900000000
1488294074,1184.160000000000,0.038000000000
1488294264,1186.100000000000,0.060700000000
1488294370,1185.520000000000,0.128300000000
1488294384,1186.440000000000,0.015200000000
1488294417,1186.440000000000,0.015200000000
1488294562,1186.670000000000,0.087200000000
1488294576,1186.670000000000,0.795100000000
1488294635,1186.760000000000,0.084500000000
1488294654,1186.760000000000,0.006000000000
1488294683,1186.760000000000,0.227400000000
1488294896,1186.790000000000,0.785500000000
1488294902,1186.790000000000,0.015200000000
1488295022,1187.110000000000,0.007600000000
1488295027,1187.110000000000,0.013900000000
1488295143,1186.770000000000,0.045500000000
1488295195,1186.410000000000,0.011900000000
1488295203,1186.410000000000,0.089000000000
1488295203,1186.410000000000,2.511100000000
1488295203,1186.410000000000,0.089000000000
1488295204,1186.410000000000,0.089000000000
1488295204,1186.410000000000,0.089000000000
1488295204,1186.410000000000,0.090000000000
1488295254,1186.790000000000,0.047800000000
1488295265,1186.040000000000,0.005100000000
1488295265,1186.040000000000,0.050200000000
1488295276,1186.450000000000,0.044000000000
1488295319,1186.050000000000,0.015200000000
1488295357,1186.040000000000,0.027700000000
1488295357,1186.040000000000,0.082000000000
1488295357,1186.040000000000,0.090000000000
1488295357,1186.040000000000,0.090000000000
1488295357,1186.040000000000,0.083000000000
1488295358,1186.040000000000,0.090000000000
1488295358,1186.040000000000,0.091000000000
1488295358,1186.040000000000,0.082000000000
1488295358,1186.040000000000,0.083000000000
1488295358,1185.820000000000,2.523000000000
1488295358,1186.040000000000,0.090000000000
1488295414,1185.540000000000,0.016900000000
1488295423,1185.540000000000,0.000100000000
1488295457,1186.040000000000,0.004500000000
1488295458,1187.070000000000,0.032600000000
1488295489,1186.850000000000,0.030300000000
1488295616,1186.370000000000,1.662800000000
1488295785,1186.090000000000,0.001000000000
1488295805,1186.050000000000,1.000000000000
1488295805,1186.090000000000,0.091000000000
1488295805,1186.090000000000,0.091000000000
1488295805,1186.090000000000,0.091000000000
1488295805,1186.090000000000,0.090000000000
1488295805,1186.090000000000,0.091000000000
1488295807,1186.000000000000,2.521000000000
1488296038,1185.890000000000,0.004500000000
1488296193,1185.890000000000,0.009000000000
1488296203,1186.800000000000,0.080000000000
1488296229,1186.650000000000,0.095700000000
1488296244,1185.920000000000,0.009000000000
1488296327,1185.950000000000,0.009000000000
1488296393,1185.990000000000,0.091000000000
1488296393,1185.990000000000,0.169000000000
1488296393,1185.980000000000,0.083000000000
1488296393,1185.980000000000,0.092000000000
1488296394,1185.940000000000,2.500000000000
1488296403,1185.940000000000,0.022000000000
1488296403,1184.980000000000,0.004500000000
1488296523,1185.240000000000,0.009000000000
1488296601,1186.410000000000,0.009100000000
1488296606,1185.550000000000,0.009000000000
1488296646,1185.570000000000,0.009000000000
1488296648,1186.410000000000,0.720000000000
1488296737,1186.410000000000,0.009000000000
1488296745,1186.480000000000,3.110000000000
1488296901,1186.410000000000,0.093000000000
1488296901,1186.410000000000,0.083000000000
1488296901,1186.410000000000,0.092000000000
1488296901,1186.410000000000,0.093000000000
1488296901,1186.410000000000,0.091000000000
1488296902,1186.380000000000,0.100000000000
1488296973,1184.510000000000,0.010800000000
1488297055,1185.790000000000,0.007600000000
1488297153,1185.790000000000,0.091100000000
1488297158,1185.790000000000,0.030400000000
1488297253,1186.220000000000,0.015200000000
1488297294,1186.220000000000,0.145300000000
1488297317,1186.550000000000,0.015200000000
1488297338,1185.700000000000,0.004500000000
1488297376,1185.700000000000,0.004500000000
1488297494,1186.560000000000,0.016000000000
1488297552,1186.560000000000,0.002300000000
1488297681,1186.660000000000,0.045500000000
1488297851,1186.640000000000,0.037900000000
1488298029,1185.990000000000,0.220000000000
1488298037,1186.660000000000,0.084000000000
1488298037,1186.660000000000,0.083000000000
1488298037,1186.660000000000,0.083000000000
1488298038,1186.920000000000,8.465300000000
1488298038,1187.710000000000,0.090000000000
1488298038,1188.810000000000,1.194700000000
1488298148,1186.370000000000,0.009000000000
1488298153,1186.370000000000,0.009000000000
1488298226,1187.580000000000,0.034100000000
1488298237,1186.370000000000,0.018000000000
1488298238,1186.370000000000,0.012300000000
1488298257,1186.200000000000,0.008900000000
1488298365,1187.070000000000,0.052300000000
1488298607,1187.320000000000,0.034900000000
1488298614,1186.460000000000,0.009000000000
1488298615,1186.460000000000,0.009000000000
1488298696,1187.540000000000,0.031100000000
1488298722,1187.550000000000,0.030300000000
1488299515,1188.640000000000,0.015100000000
1488299537,1188.860000000000,0.015100000000
1488299565,1189.140000000000,0.022700000000
1488299567,1188.080000000000,0.792100000000
1488299629,1189.780000000000,0.015100000000
1488299654,1189.430000000000,0.005500000000
1488299713,1189.690000000000,0.008300000000
1488299723,1188.800000000000,0.004600000000
1488299738,1189.880000000000,8.645000000000
1488299741,1189.900000000000,0.037800000000
1488299757,1189.900000000000,0.105900000000
1488299772,1189.900000000000,0.060500000000
1488299780,1189.900000000000,0.007600000000
1488299790,1189.900000000000,0.105900000000
1488299968,1189.960000000000,0.037800000000
1488299999,1189.960000000000,0.151200000000
1488300027,1189.960000000000,0.015100000000
1488300042,1189.950000000000,0.011300000000
1488300238,1190.670000000000,0.257100000000
1488300316,1191.150000000000,0.005800000000
1488300412,1192.140000000000,0.090600000000
1488300519,1192.130000000000,0.045300000000
1488300736,1192.130000000000,0.037700000000
1488300736,1192.130000000000,0.030300000000
1488300824,1192.130000000000,0.052700000000
1488300860,1192.930000000000,0.027200000000
1488300955,1192.380000000000,0.000100000000
1488300958,1193.310000000000,0.022600000000
1488301021,1193.180000000000,0.052800000000
1488301066,1193.180000000000,0.128300000000
1488301070,1193.180000000000,0.030200000000
1488301154,1193.520000000000,0.044500000000
1488301182,1193.530000000000,0.015100000000
1488301197,1193.530000000000,0.015100000000
1488301233,1193.910000000000,1.622900000000
1488301279,1194.000000000000,0.011000000000
1488301279,1194.000000000000,0.020000000000
1488301282,1194.000000000000,0.009000000000
1488301283,1194.000000000000,0.020000000000
1488301283,1194.000000000000,0.020000000000
1488301283,1194.000000000000,0.020000000000
1488301283,1194.000000000000,0.020000000000
1488301284,1194.000000000000,0.020000000000
1488301284,1194.000000000000,0.020000000000
1488301284,1194.000000000000,0.020000000000
1488301284,1194.000000000000,0.020000000000
1488301285,1194.000000000000,0.020000000000
1488301285,1194.000000000000,0.020000000000
1488301285,1194.000000000000,0.020000000000
1488301285,1194.000000000000,0.020000000000
1488301286,1194.000000000000,0.020000000000
1488301286,1194.000000000000,0.020000000000
1488301286,1194.000000000000,0.020000000000
1488301287,1194.000000000000,0.020000000000
1488301287,1194.000000000000,0.020000000000
1488301287,1194.000000000000,0.020000000000
1488301287,1194.000000000000,0.020000000000
1488301288,1194.000000000000,0.017700000000
1488301336,1193.540000000000,0.010000000000
1488301361,1193.540000000000,0.083000000000
1488301361,1193.540000000000,0.083000000000
1488301361,1193.540000000000,0.083000000000
1488301361,1193.540000000000,0.083000000000
1488301361,1193.540000000000,4.990000000000
1488301362,1193.540000000000,0.083000000000
1488301362,1193.530000000000,0.797500000000
1488301362,1193.530000000000,3.649800000000
1488301401,1193.220000000000,0.022600000000
1488301426,1192.850000000000,0.173600000000
1488301482,1192.850000000000,0.035400000000
1488301483,1192.850000000000,0.009900000000
1488301503,1192.850000000000,0.180300000000
1488301503,1192.850000000000,0.199100000000
1488301504,1192.150000000000,0.000400000000
1488301581,1192.850000000000,0.023400000000
1488301596,1192.850000000000,0.003800000000
1488301634,1192.850000000000,0.209000000000
1488301634,1192.850000000000,0.001500000000
1488301713,1194.000000000000,0.002300000000
1488301714,1194.000000000000,0.020000000000
1488301714,1194.000000000000,0.007900000000
1488301719,1194.000000000000,0.011700000000
1488301719,1194.000000000000,0.012100000000
1488301719,1194.000000000000,0.020000000000
1488301758,1192.870000000000,0.039100000000
1488301915,1194.000000000000,0.008300000000
1488301916,1194.000000000000,0.012100000000
1488301916,1194.000000000000,0.020000000000
1488301916,1194.000000000000,0.020000000000
1488301999,1194.000000000000,0.020000000000
1488301999,1194.000000000000,0.020000000000
1488301999,1194.000000000000,0.020000000000
1488301999,1194.000000000000,0.007900000000
1488302000,1194.000000000000,0.020000000000
1488302000,1194.000000000000,0.020000000000
1488302000,1194.000000000000,0.020000000000
1488302001,1194.000000000000,0.020000000000
1488302001,1194.000000000000,0.020000000000
1488302001,1194.000000000000,0.020000000000
1488302002,1194.000000000000,0.020000000000
1488302002,1194.000000000000,0.020000000000
1488302002,1194.000000000000,0.014700000000
1488302004,1194.000000000000,0.005300000000
1488302004,1194.000000000000,0.020000000000
1488302004,1194.000000000000,0.020000000000
1488302005,1194.000000000000,0.020000000000
1488302005,1194.000000000000,0.020000000000
1488302005,1194.000000000000,0.020000000000
1488302006,1194.000000000000,0.020000000000
1488302006,1194.000000000000,0.013600000000
1488302029,1194.000000000000,0.020000000000
1488302029,1194.000000000000,0.006400000000
1488302030,1194.000000000000,0.020000000000
1488302030,1194.000000000000,0.020000000000
1488302030,1194.000000000000,0.020000000000
1488302031,1194.000000000000,0.020000000000
1488302031,1194.000000000000,0.020000000000
1488302031,1194.000000000000,0.020000000000
1488302032,1194.000000000000,0.020000000000
1488302032,1194.000000000000,0.020000000000
1488302032,1194.000000000000,0.020000000000
1488302033,1194.000000000000,0.014100000000
1488302033,1194.000000000000,0.020000000000
1488302033,1194.000000000000,0.020000000000
1488302255,1193.240000000000,0.030200000000
1488302259,1193.240000000000,0.027200000000
1488302268,1193.240000000000,0.083000000000
1488302268,1193.240000000000,2.542600000000
1488302269,1193.240000000000,0.083000000000
1488302269,1193.240000000000,0.083000000000
1488302270,1193.240000000000,9.064400000000
1488302271,1193.240000000000,0.020000000000
1488302271,1193.240000000000,0.624000000000
1488302409,1193.650000000000,0.010600000000
1488302412,1193.650000000000,0.045300000000
1488302429,1193.650000000000,0.043300000000
1488302481,1193.210000000000,0.030200000000
1488302570,1193.390000000000,0.105800000000
1488302647,1193.390000000000,0.021600000000
1488302843,1193.460000000000,0.037800000000
1488302859,1193.460000000000,0.090600000000
1488302874,1193.010000000000,0.065000000000
1488302884,1193.410000000000,0.034000000000
1488303075,1192.180000000000,0.240000000000
1488303097,1193.230000000000,0.113300000000
1488303147,1193.230000000000,0.060400000000
1488303169,1193.230000000000,0.026400000000
1488303169,1193.230000000000,0.007600000000
1488303334,1193.230000000000,0.015100000000
1488303379,1193.230000000000,0.059300000000
1488303379,1193.230000000000,0.027500000000
1488303438,1192.090000000000,0.200000000000
1488303464,1193.260000000000,0.019600000000
1488303544,1193.260000000000,0.005300000000
1488303614,1192.460000000000,0.000100000000
1488303661,1193.260000000000,0.045300000000
1488303694,1193.260000000000,0.018900000000
1488303758,1193.260000000000,0.046100000000
1488303758,1193.260000000000,0.083000000000
1488303849,1193.260000000000,0.016400000000
1488303871,1193.260000000000,0.021500000000
1488303872,1194.000000000000,0.020000000000
1488303872,1194.000000000000,0.005900000000
1488303873,1194.000000000000,0.002000000000
1488303913,1194.000000000000,0.008300000000
1488303937,1194.000000000000,0.001600000000
1488303937,1194.000000000000,0.009700000000
1488303964,1194.000000000000,0.000500000000
1488303964,1194.000000000000,0.018400000000
1488304062,1194.000000000000,0.019500000000
1488304063,1194.000000000000,0.010700000000
1488304067,1193.410000000000,0.015100000000
1488304096,1192.270000000000,0.003900000000
1488304098,1193.410000000000,0.008600000000
1488304168,1193.850000000000,0.164200000000
1488304249,1193.850000000000,0.017400000000
1488304324,1193.940000000000,0.026400000000
1488304382,1193.950000000000,0.045300000000
1488304473,1193.950000000000,0.022600000000
1488304741,1193.930000000000,0.039600000000
1488304817,1193.950000000000,0.008600000000
1488304835,1193.950000000000,0.030200000000
1488304916,1193.950000000000,0.052800000000
1488304939,1193.950000000000,0.086800000000
1488305032,1193.950000000000,0.049000000000
1488305032,1194.000000000000,0.009300000000
1488305032,1194.000000000000,0.020000000000
1488305033,1194.000000000000,0.020000000000
1488305033,1194.000000000000,0.020000000000
1488305033,1194.000000000000,0.020000000000
1488305034,1194.000000000000,0.020000000000
1488305034,1194.000000000000,0.020000000000
1488305034,1194.000000000000,0.020000000000
1488305035,1194.000000000000,0.020000000000
1488305035,1194.000000000000,0.020000000000
1488305035,1194.000000000000,0.020000000000
1488305035,1194.000000000000,0.020000000000
1488305036,1194.000000000000,0.020000000000
1488305036,1194.000000000000,0.020000000000
1488305036,1194.000000000000,0.020000000000
1488305037,1194.000000000000,0.020000000000
1488305037,1194.000000000000,0.020000000000
1488305037,1194.000000000000,0.020000000000
1488305038,1194.000000000000,0.020000000000
1488305038,1194.000000000000,0.020000000000
1488305038,1194.000000000000,0.020000000000
1488305038,1194.000000000000,0.020000000000
1488305039,1194.000000000000,0.020000000000
1488305039,1194.000000000000,0.020000000000
1488305039,1194.000000000000,0.020000000000
1488305040,1194.000000000000,0.020000000000
1488305040,1194.000000000000,0.020000000000
1488305040,1194.000000000000,0.020000000000
1488305041,1194.000000000000,0.020000000000
1488305041,1194.000000000000,0.020000000000
1488305041,1194.000000000000,0.020000000000
1488305041,1194.000000000000,0.020000000000
1488305042,1194.000000000000,0.020000000000
1488305042,1194.000000000000,0.020000000000
1488305042,1194.000000000000,0.020000000000
1488305043,1195.000000000000,3.990500000000
1488305043,1194.360000000000,8.641900000000
1488305114,1194.370000000000,0.026400000000
1488305178,1194.240000000000,0.022600000000
1488305223,1194.200000000000,0.017400000000
1488305331,1194.900000000000,0.045300000000
1488305453,1194.810000000000,0.006800000000
1488305483,1194.900000000000,0.045300000000
1488305584,1194.400000000000,0.004500000000
1488305633,1194.700000000000,0.021900000000
1488305697,1194.330000000000,0.017400000000
1488305708,1194.330000000000,0.011300000000
1488305747,1194.990000000000,0.000800000000
1488305755,1194.990000000000,0.017300000000
1488305797,1194.590000000000,2.500000000000
1488305817,1194.960000000000,0.429900000000
1488305847,1194.950000000000,0.003800000000
1488305857,1194.940000000000,0.113200000000
1488306097,1194.840000000000,0.062000000000
1488306252,1194.900000000000,0.013600000000
1488306283,1195.000000000000,0.045200000000
1488306286,1194.800000000000,2.500000000000
1488306363,1194.970000000000,2.500000000000
1488306363,1195.000000000000,5.377100000000
1488306406,1194.730000000000,0.008500000000
1488306407,1194.730000000000,0.851400000000
1488306457,1194.710000000000,2.500000000000
1488306538,1195.000000000000,0.045200000000
1488306577,1195.000000000000,0.034700000000
1488306584,1195.000000000000,0.016600000000
1488306659,1194.760000000000,0.500000000000
1488306676,1194.760000000000,0.012800000000
1488306680,1194.760000000000,0.406400000000
1488306683,1194.760000000000,0.361900000000
1488306724,1194.760000000000,0.017300000000
1488306736,1194.760000000000,0.350600000000
1488306743,1194.760000000000,0.030200000000
1488306763,1195.000000000000,0.022600000000
1488306784,1194.740000000000,0.379500000000
1488306836,1195.000000000000,0.173400000000
1488306839,1195.000000000000,0.101300000000
1488306919,1195.000000000000,0.193400000000
1488306927,1195.950000000000,0.180900000000
1488306947,1195.950000000000,0.003800000000
1488306969,1196.330000000000,0.008300000000
1488307026,1196.180000000000,0.045200000000
1488307068,1196.180000000000,0.018100000000
1488307069,1196.180000000000,0.024600000000
1488307118,1196.440000000000,0.151900000000
1488307127,1196.440000000000,0.468400000000
1488307157,1196.440000000000,0.022600000000
1488307198,1196.440000000000,0.070900000000
1488307205,1195.540000000000,0.083000000000
1488307205,1195.540000000000,0.083000000000
1488307206,1195.540000000000,0.083000000000
1488307206,1195.540000000000,0.083000000000
1488307206,1195.540000000000,0.083000000000
1488307214,1195.370000000000,0.037700000000
1488307217,1195.370000000000,0.230500000000
1488307222,1195.320000000000,0.026400000000
1488307229,1194.980000000000,0.015100000000
1488307246,1194.980000000000,0.024100000000
1488307257,1194.980000000000,0.259900000000
1488307343,1195.490000000000,0.001700000000
1488307574,1196.470000000000,0.006000000000
1488307600,1195.290000000000,6.287200000000
1488307614,1195.200000000000,0.021500000000
1488307614,1196.230000000000,0.015100000000
1488307618,1195.200000000000,0.000100000000
1488307746,1195.430000000000,0.075400000000
1488307789,1195.700000000000,0.052700000000
1488307798,1195.700000000000,0.052000000000
1488307818,1195.500000000000,0.012200000000
1488307819,1195.500000000000,0.022600000000
1488307877,1195.990000000000,0.030300000000
1488308047,1196.170000000000,0.077900000000
1488308106,1195.090000000000,0.000500000000
1488308126,1195.950000000000,0.010100000000
1488308138,1195.840000000000,0.010100000000
1488308251,1195.800000000000,0.038400000000
1488308278,1196.750000000000,0.008600000000
1488308327,1196.750000000000,0.043200000000
1488308448,1195.820000000000,0.015100000000
1488308478,1196.840000000000,0.046800000000
1488308485,1196.840000000000,0.030100000000
1488308624,1195.900000000000,7.177100000000
1488308625,1195.900000000000,7.402900000000
1488308660,1196.920000000000,0.030100000000
1488308706,1196.910000000000,0.150600000000
1488308756,1195.550000000000,0.040400000000
1488308808,1196.610000000000,0.041700000000
1488308820,1196.610000000000,0.015800000000
1488308908,1196.610000000000,0.008600000000
1488308920,1196.610000000000,0.050500000000
1488308936,1196.610000000000,0.026400000000
1488308940,1196.610000000000,0.195800000000
1488308943,1196.610000000000,0.561400000000
1488308971,1196.590000000000,0.015100000000
1488308990,1196.590000000000,0.081800000000
1488309019,1196.370000000000,0.086300000000
1488309050,1196.040000000000,0.082000000000
1488309050,1196.040000000000,0.082000000000
1488309050,1196.040000000000,0.082000000000
1488309050,1196.040000000000,0.083000000000
1488309051,1196.040000000000,0.082000000000
1488309083,1195.950000000000,0.009000000000
1488309096,1195.940000000000,0.037700000000
1488309236,1196.090000000000,0.003400000000
1488309279,1196.800000000000,0.015100000000
1488309284,1196.800000000000,0.210800000000
1488309314,1196.510000000000,0.015100000000
1488309319,1196.510000000000,0.017300000000
1488309341,1196.970000000000,0.018800000000
1488309344,1196.090000000000,0.010000000000
1488309345,1196.970000000000,0.030100000000
1488309354,1196.970000000000,0.033900000000
1488309386,1196.090000000000,0.004000000000
1488309428,1196.090000000000,0.064600000000
1488309428,1196.090000000000,0.082000000000
1488309428,1196.090000000000,0.082000000000
1488309429,1196.090000000000,0.082000000000
1488309429,1196.090000000000,0.083000000000
1488309432,1195.110000000000,1.000000000000
1488309433,1196.070000000000,0.088000000000
1488309433,1196.070000000000,0.088000000000
1488309433,1196.070000000000,0.088000000000
1488309434,1196.070000000000,0.088000000000
1488309435,1196.070000000000,0.088000000000
1488309435,1196.070000000000,0.088000000000
1488309487,1196.220000000000,0.015800000000
1488309721,1196.210000000000,0.009000000000
1488309725,1196.210000000000,0.018800000000
1488309734,1196.220000000000,0.022600000000
1488309848,1196.410000000000,0.002300000000
1488309969,1196.640000000000,0.468000000000
1488310018,1196.640000000000,0.225900000000
1488310033,1196.640000000000,0.059600000000
1488310068,1196.640000000000,0.031600000000
1488310198,1196.630000000000,0.008600000000
1488310375,1196.890000000000,0.011300000000
1488310385,1196.890000000000,0.022600000000
1488310449,1196.880000000000,0.015100000000
1488310456,1196.880000000000,0.017300000000
1488310482,1197.310000000000,0.007500000000
1488310624,1196.990000000000,0.425400000000
1488310698,1198.100000000000,0.015600000000
1488310702,1198.100000000000,0.015000000000
1488310781,1197.800000000000,0.030100000000
1488310853,1198.050000000000,0.030800000000
1488310861,1198.050000000000,0.037600000000
1488310888,1197.700000000000,0.079000000000
1488310891,1197.700000000000,0.045100000000
1488310955,1196.890000000000,0.000100000000
1488310999,1197.310000000000,0.067700000000
1488311077,1196.960000000000,0.006000000000
1488311094,1196.960000000000,0.015000000000
1488311109,1197.270000000000,0.026300000000
1488311138,1197.270000000000,0.018800000000
1488311148,1196.890000000000,0.000100000000
1488311149,1196.890000000000,0.004000000000
1488311161,1197.270000000000,0.289800000000
1488311203,1197.270000000000,0.015100000000
1488311466,1196.560000000000,0.007500000000
1488311474,1196.550000000000,0.075300000000
1488311582,1197.250000000000,0.007500000000
1488311609,1197.250000000000,0.004000000000
1488311619,1197.250000000000,0.052700000000
1488311637,1197.960000000000,0.013600000000
1488311697,1198.150000000000,0.339000000000
1488311776,1198.330000000000,0.120400000000
1488311804,1198.330000000000,0.011300000000
1488311810,1198.080000000000,0.015100000000
