1500308194,2050.000000000000,0.081900000000
1500308196,2050.000000000000,0.108700000000
1500308199,2050.000000000000,0.367900000000
1500308199,2050.000000000000,2.000000000000
1500308200,2050.000000000000,5.000000000000
1500308200,2049.990000000000,0.023200000000
1500308201,2050.000000000000,2.000000000000
1500308202,2050.000000000000,0.005400000000
1500308204,2050.000000000000,1.000000000000
1500308205,2050.000000000000,0.108100000000
1500308207,2050.000000000000,2.000000000000
1500308207,2050.000000000000,0.070000000000
1500308208,2050.000000000000,4.087900000000
1500308209,2049.990000000000,0.023200000000
1500308209,2050.000000000000,0.017700000000
1500308210,2050.000000000000,7.000000000000
1500308211,2050.000000000000,0.786000000000
1500308212,2050.000000000000,1.120000000000
1500308212,2050.000000000000,0.016000000000
1500308217,2049.990000000000,0.023200000000
1500308223,2050.000000000000,0.053600000000
1500308224,2050.000000000000,0.858500000000
1500308227,2049.990000000000,0.023200000000
1500308236,2049.990000000000,0.023200000000
1500308241,2050.000000000000,2.000000000000
1500308243,2050.000000000000,0.037900000000
1500308245,2049.990000000000,0.023200000000
1500308248,2069.990000000000,0.012300000000
1500308248,2070.000000000000,0.031100000000
1500308249,2073.990000000000,0.041700000000
1500308353,2051.770000000000,0.090700000000
1500308354,2051.770000000000,0.000500000000
1500308354,2051.770000000000,0.091000000000
1500308354,2051.770000000000,0.242000000000
1500308355,2051.770000000000,0.093000000000
1500308355,2051.760000000000,0.242000000000
1500308356,2051.760000000000,0.242000000000
1500308356,2051.760000000000,0.242000000000
1500308357,2051.760000000000,0.242000000000
1500308357,2051.760000000000,0.242000000000
1500308357,2051.760000000000,0.242000000000
1500308358,2051.760000000000,0.242000000000
1500308358,2051.640000000000,0.050000000000
1500308358,2051.760000000000,0.093000000000
1500308359,2038.560000000000,0.170100000000
1500308359,2050.000000000000,0.179000000000
1500308362,2050.000000000000,0.242000000000
1500308362,2050.000000000000,0.242000000000
1500308363,2050.000000000000,0.090700000000
1500308364,2050.000000000000,0.125000000000
1500308379,2049.980000000000,0.012300000000
1500308379,2049.990000000000,0.010700000000
1500308382,2050.000000000000,0.000900000000
1500308382,2049.990000000000,0.012500000000
1500308392,2049.990000000000,0.023200000000
1500308393,2050.000000000000,0.243200000000
1500308407,2049.980000000000,0.012300000000
1500308408,2050.000000000000,0.061500000000
1500308408,2049.990000000000,0.023200000000
1500308432,2049.990000000000,0.023200000000
1500308432,2049.980000000000,0.012300000000
1500308432,2050.000000000000,0.013900000000
1500308433,2050.000000000000,0.012900000000
1500308514,2050.000000000000,0.005000000000
1500308529,2049.990000000000,0.023200000000
1500308529,2050.000000000000,0.122300000000
1500308538,2049.990000000000,0.005400000000
1500308553,2050.000000000000,0.139000000000
1500308553,2049.990000000000,0.023200000000
1500308569,2049.990000000000,0.023200000000
1500308569,2050.000000000000,0.976800000000
1500308570,2050.000000000000,1.000000000000
1500308579,2050.000000000000,2.000000000000
1500308584,2049.990000000000,0.021900000000
1500308590,2050.000000000000,3.976800000000
1500308590,2049.990000000000,0.023200000000
1500308593,2050.000000000000,0.009400000000
1500308600,2050.000000000000,1.976800000000
1500308600,2049.990000000000,0.023200000000
1500308601,2050.000000000000,1.006000000000
1500308640,2050.000000000000,0.479800000000
1500308640,2049.990000000000,0.023200000000
1500308651,2049.990000000000,0.023200000000
1500308651,2050.000000000000,0.479800000000
1500308664,2050.000000000000,4.093500000000
1500308667,2049.990000000000,0.023200000000
1500308667,2050.000000000000,0.976800000000
1500308679,2049.990000000000,0.023200000000
1500308680,2050.000000000000,1.976800000000
1500308693,2046.510000000000,0.000100000000
1500308719,2050.000000000000,1.508400000000
1500308734,2049.990000000000,0.012900000000
1500308741,2050.000000000000,4.976800000000
1500308741,2049.990000000000,0.023200000000
1500308748,2050.000000000000,0.030900000000
1500308748,2049.990000000000,0.023200000000
1500308759,2049.990000000000,0.023200000000
1500308759,2050.000000000000,5.976800000000
1500308765,2050.000000000000,0.502000000000
1500308767,2049.990000000000,0.023200000000
1500308767,2050.000000000000,0.011200000000
1500308779,2049.990000000000,0.023200000000
1500308779,2050.000000000000,6.976800000000
1500308780,2050.000000000000,5.000000000000
1500308791,2049.990000000000,0.023200000000
1500308792,2050.000000000000,0.478800000000
1500308795,2050.000000000000,2.976800000000
1500308795,2049.990000000000,0.023200000000
1500308799,2050.000000000000,0.009000000000
1500308800,2050.000000000000,3.000000000000
1500308802,2050.000000000000,5.000000000000
1500308802,2050.000000000000,0.069800000000
1500308813,2049.990000000000,0.023200000000
1500308814,2050.000000000000,8.976800000000
1500308818,2050.000000000000,6.000000000000
1500308829,2049.990000000000,0.023200000000
1500308829,2050.000000000000,3.976800000000
1500308838,2049.990000000000,0.023200000000
1500308839,2050.000000000000,5.976800000000
1500308869,2050.000000000000,0.017200000000
1500308885,2049.990000000000,0.023200000000
1500308885,2050.000000000000,0.878800000000
1500308912,2049.990000000000,0.000600000000
1500308912,2049.980000000000,0.012300000000
1500308936,2049.980000000000,0.006200000000
1500308953,2057.280000000000,0.012300000000
1500308953,2057.300000000000,0.003200000000
1500308970,2073.990000000000,0.030900000000
1500308970,2057.290000000000,0.023200000000
1500308986,2073.180000000000,0.013500000000
1500309000,2073.150000000000,0.023200000000
1500309000,2073.150000000000,0.012300000000
1500309001,2073.160000000000,0.026100000000
1500309403,2061.910000000000,0.012300000000
1500309404,2061.910000000000,0.023200000000
1500309405,2061.980000000000,0.964500000000
1500309429,2050.430000000000,0.000200000000
1500309752,2061.960000000000,0.012300000000
1500309988,2061.960000000000,0.012300000000
1500310056,2061.980000000000,0.023200000000
1500310056,2061.960000000000,0.012300000000
1500310057,2061.990000000000,0.797500000000
1500310375,2052.610000000000,0.000200000000
1500311388,2061.990000000000,0.023200000000
1500311389,2062.000000000000,10.000000000000
1500311389,2062.000000000000,5.419800000000
1500311391,2062.000000000000,0.967900000000
1500311405,2061.980000000000,0.012300000000
1500311405,2061.990000000000,0.023200000000
1500311405,2062.000000000000,1.803000000000
1500311406,2062.000000000000,4.996500000000
1500311407,2062.000000000000,0.025000000000
1500311682,2079.870000000000,4.834000000000
1500311682,2079.860000000000,0.012300000000
1500311682,2079.860000000000,0.023200000000
1500311683,2079.980000000000,3.000000000000
1500311683,2080.000000000000,4.302400000000
1500311715,2079.970000000000,0.023200000000
1500311715,2080.000000000000,0.012300000000
1500311737,2079.940000000000,0.012300000000
1500311738,2079.940000000000,0.023200000000
1500311738,2080.000000000000,0.494200000000
1500311774,2080.000000000000,15.191100000000
1500311774,2079.990000000000,0.023200000000
1500312258,2099.670000000000,0.012300000000
1500312259,2100.000000000000,2.104500000000
1500312259,2099.670000000000,0.023200000000
1500312262,2100.000000000000,0.100000000000
1500312262,2100.000000000000,5.000000000000
1500312264,2100.000000000000,6.084100000000
1500312268,2100.000000000000,0.012300000000
1500312269,2100.010000000000,0.023200000000
1500312484,2113.870000000000,0.000200000000
1500312485,2130.800000000000,0.008000000000
1500312838,2145.000000000000,0.010000000000
1500312838,2145.000000000000,0.014000000000
1500312840,2145.000000000000,0.500000000000
1500312841,2145.000000000000,0.010000000000
1500312842,2145.000000000000,0.190000000000
1500312843,2145.000000000000,0.014000000000
1500312845,2145.000000000000,0.010000000000
1500312848,2145.100000000000,0.000200000000
1500312848,2145.000000000000,0.013800000000
1500312849,2145.000000000000,0.500000000000
1500312850,2145.000000000000,0.171000000000
1500312851,2145.000000000000,0.010000000000
1500312853,2145.000000000000,0.014000000000
1500312854,2145.000000000000,0.500000000000
1500312856,2145.000000000000,0.190000000000
1500312858,2145.000000000000,2.839200000000
1500312858,2145.000000000000,0.014000000000
1500312859,2145.000000000000,0.354800000000
1500312890,2131.300000000000,0.010000000000
1500312900,2131.310000000000,0.010000000000
1500312910,2131.320000000000,0.010000000000
1500312924,2131.330000000000,2.000000000000
1500312925,2141.690000000000,0.010000000000
1500312941,2131.350000000000,0.010000000000
1500312951,2131.360000000000,0.010000000000
1500313004,2131.390000000000,7.000000000000
1500313010,2131.390000000000,0.233000000000
1500313010,2131.390000000000,0.233000000000
1500313010,2131.400000000000,0.087300000000
1500313011,2131.390000000000,0.233000000000
1500313011,2131.390000000000,0.233000000000
1500313011,2131.390000000000,0.233000000000
1500313011,2131.390000000000,0.233000000000
1500313012,2131.000000000000,2.439700000000
1500313020,2129.700000000000,0.014000000000
1500313123,2114.220000000000,0.235000000000
1500313123,2114.220000000000,0.235000000000
1500313124,2114.220000000000,0.030000000000
1500313125,2114.220000000000,0.205000000000
1500313125,2114.220000000000,0.235000000000
1500313126,2114.220000000000,0.060000000000
1500313258,2127.790000000000,2.000000000000
1500313458,2127.580000000000,0.006800000000
1500313458,2127.570000000000,0.023200000000
1500313481,2127.560000000000,4.692000000000
1500313481,2127.570000000000,0.234000000000
1500313481,2127.570000000000,0.234000000000
1500313482,2127.570000000000,0.234000000000
1500313482,2127.570000000000,0.234000000000
1500313482,2127.570000000000,0.234000000000
1500313483,2127.580000000000,0.234000000000
1500313483,2127.590000000000,0.234000000000
1500313483,2127.580000000000,0.234000000000
1500313483,2127.580000000000,0.234000000000
1500313484,2127.630000000000,12.968000000000
1500313484,2127.600000000000,0.234000000000
1500313489,2125.010000000000,0.996900000000
1500313493,2127.560000000000,0.014000000000
1500313495,2127.550000000000,0.014000000000
1500313498,2127.550000000000,0.014000000000
1500313502,2127.540000000000,0.012000000000
1500313510,2127.540000000000,0.014000000000
1500313512,2127.540000000000,0.014000000000
1500313547,2127.540000000000,0.200000000000
1500313549,2127.540000000000,0.234000000000
1500313549,2127.540000000000,0.005000000000
1500313550,2127.540000000000,0.234000000000
1500313550,2127.540000000000,0.234000000000
1500313550,2127.540000000000,0.234000000000
1500313551,2127.540000000000,0.059000000000
1500313552,2127.540000000000,0.234000000000
1500313552,2127.540000000000,0.175000000000
1500313553,2127.540000000000,0.234000000000
1500313553,2127.540000000000,0.234000000000
1500313553,2127.540000000000,0.220000000000
1500313554,2127.540000000000,0.234000000000
1500313554,2127.630000000000,8.645800000000
1500313554,2127.620000000000,0.023200000000
1500313555,2127.630000000000,9.000000000000
1500313574,2127.620000000000,0.023200000000
1500313575,2127.630000000000,0.066800000000
1500313602,2127.620000000000,0.965000000000
1500313604,2127.620000000000,0.023200000000
1500313607,2127.630000000000,0.411800000000
1500313611,2127.630000000000,4.263900000000
1500313612,2127.620000000000,0.023200000000
1500313613,2127.630000000000,10.000000000000
1500313614,2127.630000000000,0.500000000000
1500313619,2127.630000000000,2.000000000000
1500313621,2127.630000000000,2.000000000000
1500313623,2127.630000000000,0.143700000000
1500313778,2139.960000000000,0.020700000000
1500313843,2139.950000000000,0.033200000000
1500313982,2139.950000000000,0.007600000000
1500313992,2139.950000000000,0.006400000000
1500314086,2139.940000000000,0.004000000000
1500314094,2139.940000000000,0.016600000000
1500314130,2139.940000000000,0.124300000000
1500314166,2139.940000000000,0.004000000000
1500314178,2139.940000000000,0.012000000000
1500314183,2139.940000000000,0.012400000000
1500314227,2136.480000000000,0.087100000000
1500314228,2136.470000000000,0.881700000000
1500314228,2136.470000000000,0.978500000000
1500314229,2136.470000000000,2.819800000000
1500314229,2136.460000000000,0.231000000000
1500314229,2136.450000000000,0.232000000000
1500314230,2136.450000000000,0.232000000000
1500314230,2136.450000000000,0.232000000000
1500314230,2136.450000000000,0.232000000000
1500314231,2136.440000000000,0.234000000000
1500314231,2136.440000000000,0.233000000000
1500314231,2136.440000000000,0.234000000000
1500314232,2136.440000000000,0.232000000000
1500314232,2136.430000000000,0.233000000000
1500314232,2136.440000000000,0.232000000000
1500314232,2136.430000000000,0.232000000000
1500314233,2136.430000000000,0.232000000000
1500314233,2136.430000000000,0.234000000000
1500314233,2136.430000000000,0.234000000000
1500314233,2136.430000000000,0.233000000000
1500314234,2136.410000000000,0.232000000000
1500314234,2136.390000000000,0.233000000000
1500314234,2136.430000000000,0.232000000000
1500314235,2136.390000000000,0.170800000000
1500314245,2139.910000000000,0.012600000000
1500314245,2139.910000000000,0.012300000000
1500314280,2136.480000000000,0.254000000000
1500314281,2136.390000000000,0.062200000000
1500314281,2136.400000000000,0.233000000000
1500314284,2135.000000000000,0.008300000000
1500314367,2128.840000000000,0.233000000000
1500314367,2128.850000000000,0.233000000000
1500314367,2128.860000000000,0.233000000000
1500314367,2128.860000000000,0.233000000000
1500314368,2128.840000000000,0.233000000000
1500314368,2128.350000000000,0.087400000000
1500314368,2128.340000000000,2.936600000000
1500314484,2122.360000000000,0.002700000000
1500314574,2122.360000000000,0.000100000000
1500314695,2127.770000000000,0.014600000000
1500314730,2127.770000000000,0.400000000000
1500314744,2127.760000000000,0.400000000000
1500314802,2127.760000000000,0.135200000000
1500314884,2127.760000000000,0.159000000000
1500314884,2127.760000000000,0.233000000000
1500314901,2127.760000000000,0.074000000000
1500314901,2127.760000000000,0.225000000000
1500314901,2127.760000000000,0.233000000000
1500314902,2127.760000000000,0.233000000000
1500314902,2127.760000000000,0.231000000000
1500314902,2127.760000000000,0.119000000000
1500314903,2127.760000000000,0.234000000000
1500314903,2127.760000000000,0.233000000000
1500314903,2127.760000000000,0.199000000000
1500314904,2127.760000000000,0.233000000000
1500314904,2127.760000000000,0.234000000000
1500314904,2127.760000000000,0.234000000000
1500314904,2127.760000000000,0.226000000000
1500314905,2127.760000000000,0.233000000000
1500314905,2127.760000000000,0.233000000000
1500314905,2127.760000000000,0.234000000000
1500314906,2127.760000000000,0.059000000000
1500314906,2127.800000000000,0.209000000000
1500315451,2130.080000000000,5.000000000000
1500315692,2131.050000000000,0.231000000000
1500315693,2131.050000000000,0.232000000000
1500315693,2131.050000000000,0.232000000000
1500315693,2131.050000000000,0.232000000000
1500315694,2131.050000000000,0.232000000000
1500315694,2131.030000000000,3.400000000000
1500315694,2131.010000000000,1.875000000000
1500315694,2131.050000000000,0.231000000000
1500315976,2129.470000000000,2.740200000000
1500316091,2122.000000000000,0.008400000000
1500316144,2122.000000000000,0.025100000000
1500316174,2122.000000000000,0.023000000000
1500316185,2122.000000000000,0.175500000000
1500316186,2122.000000000000,0.232000000000
1500316186,2122.000000000000,0.231000000000
1500316187,2122.000000000000,0.231000000000
1500316187,2122.000000000000,0.130500000000
1500316191,2122.000000000000,0.083500000000
1500316260,2122.000000000000,0.018000000000
1500316260,2122.000000000000,0.048600000000
1500316311,2122.000000000000,0.009200000000
1500316327,2122.000000000000,0.175200000000
1500316327,2122.000000000000,0.232000000000
1500316328,2122.000000000000,0.141800000000
1500316341,2122.000000000000,0.091200000000
1500316342,2122.000000000000,0.118800000000
1500316347,2122.000000000000,0.233000000000
1500316347,2122.000000000000,0.112200000000
1500316348,2122.000000000000,0.050800000000
1500316354,2122.000000000000,0.104800000000
1500316354,2122.000000000000,0.181200000000
1500316360,2122.000000000000,0.232000000000
1500316360,2122.000000000000,0.128200000000
1500316361,2122.000000000000,0.139800000000
1500316367,2122.000000000000,0.176800000000
1500316367,2122.000000000000,0.092200000000
1500316367,2122.000000000000,0.231000000000
1500316419,2122.000000000000,0.232000000000
1500316419,2122.000000000000,0.054200000000
1500316419,2122.000000000000,0.203800000000
1500316448,2122.000000000000,0.232000000000
1500316448,2122.000000000000,0.027200000000
1500316448,2122.000000000000,0.231000000000
1500316449,2122.000000000000,0.013800000000
1500316449,2122.000000000000,0.231000000000
1500316449,2122.000000000000,0.233000000000
1500316497,2122.000000000000,0.233000000000
1500316497,2122.000000000000,0.232000000000
1500316497,2122.000000000000,0.217200000000
1500316498,2122.000000000000,0.232000000000
1500316498,2122.000000000000,0.085800000000
1500316512,2129.390000000000,0.024900000000
1500316536,2129.390000000000,0.016600000000
1500316553,2129.390000000000,0.093900000000
1500316575,2129.390000000000,0.275600000000
1500316588,2129.400000000000,0.087400000000
1500316597,2129.400000000000,0.087400000000
1500316606,2129.400000000000,0.057200000000
1500316607,2129.400000000000,0.030200000000
1500316616,2129.400000000000,0.087400000000
1500316625,2129.400000000000,0.087400000000
1500316634,2129.400000000000,0.027000000000
1500316823,2142.400000000000,0.025700000000
1500316873,2142.390000000000,0.009500000000
1500317075,2143.480000000000,0.008300000000
1500317110,2143.480000000000,0.023200000000
1500317110,2143.490000000000,0.059500000000
1500317149,2145.480000000000,0.023200000000
1500317149,2145.490000000000,0.076000000000
1500317463,2145.470000000000,0.012400000000
1500317542,2145.450000000000,0.003200000000
1500318078,2143.960000000000,0.012300000000
1500318079,2143.960000000000,0.204600000000
1500318182,2143.890000000000,0.450200000000
1500318259,2141.950000000000,0.117600000000
1500318259,2141.950000000000,0.012300000000
1500318313,2141.930000000000,0.331100000000
1500318492,2141.910000000000,0.027000000000
1500318493,2141.910000000000,0.230000000000
1500318493,2141.910000000000,0.004500000000
1500318699,2134.990000000000,0.010000000000
1500318756,2134.990000000000,0.220000000000
1500318757,2134.990000000000,0.230000000000
1500318757,2134.990000000000,0.234000000000
1500318757,2134.990000000000,0.230000000000
1500318758,2134.990000000000,0.231000000000
1500318758,2134.990000000000,0.230000000000
1500318758,2134.990000000000,0.229000000000
1500318759,2134.990000000000,0.234000000000
1500318759,2134.990000000000,0.234000000000
1500318759,2134.990000000000,0.230000000000
1500318760,2134.990000000000,0.235000000000
1500318760,2134.990000000000,0.232000000000
1500318760,2134.990000000000,0.235000000000
1500318761,2134.990000000000,0.234000000000
1500318761,2134.990000000000,0.234000000000
1500318761,2134.990000000000,0.234000000000
1500318762,2134.990000000000,0.233000000000
1500318762,2134.990000000000,0.231000000000
1500318762,2134.990000000000,0.234000000000
1500318763,2134.990000000000,0.231000000000
1500318763,2134.990000000000,0.231000000000
1500318763,2134.990000000000,0.231000000000
1500318764,2134.990000000000,0.231000000000
1500318764,2134.990000000000,0.229000000000
1500318764,2134.980000000000,0.230000000000
1500318765,2134.980000000000,0.232000000000
1500318765,2134.960000000000,0.232000000000
1500318768,2134.000000000000,0.008300000000
1500318818,2120.890000000000,0.174000000000
1500318818,2120.900000000000,0.087700000000
1500318819,2115.150000000000,4.701000000000
1500318819,2115.140000000000,0.721100000000
1500318910,2115.210000000000,0.000100000000
1500318973,2115.230000000000,0.002100000000
1500318973,2115.230000000000,0.000100000000
1500319113,2130.440000000000,0.012300000000
1500319114,2130.440000000000,0.000100000000
1500319114,2130.460000000000,0.231000000000
1500319114,2130.450000000000,0.023200000000
1500319114,2130.450000000000,0.230000000000
1500319115,2130.460000000000,0.229000000000
1500319115,2130.460000000000,0.230000000000
1500319115,2130.460000000000,0.019000000000
1500319116,2130.490000000000,0.231000000000
1500319116,2130.470000000000,0.230000000000
1500319116,2130.470000000000,0.229000000000
1500319117,2130.510000000000,0.231000000000
1500319117,2130.510000000000,0.230000000000
1500319117,2130.510000000000,0.231000000000
1500319118,2130.520000000000,0.229000000000
1500319118,2130.530000000000,0.230000000000
1500319118,2130.580000000000,0.230000000000
1500319119,2131.990000000000,1.723400000000
1500319119,2130.580000000000,0.231000000000
1500319171,2130.390000000000,0.023200000000
1500319172,2130.410000000000,1.976800000000
1500319211,2115.560000000000,0.000100000000
1500319823,2116.580000000000,0.010000000000
1500319825,2116.590000000000,0.010000000000
1500319827,2116.590000000000,0.010000000000
1500319829,2116.590000000000,0.010000000000
1500319935,2129.740000000000,0.021000000000
1500319936,2129.750000000000,0.230000000000
1500319936,2129.750000000000,0.230000000000
1500319936,2129.770000000000,0.229000000000
1500319938,2130.150000000000,0.229000000000
1500319939,2130.150000000000,0.023200000000
1500319939,2130.150000000000,0.231000000000
1500319940,2130.150000000000,0.229000000000
1500319940,2130.150000000000,0.010000000000
1500319943,2130.150000000000,0.189000000000
1500319944,2130.150000000000,0.230000000000
1500319946,2130.150000000000,0.010000000000
1500319950,2130.150000000000,0.010000000000
1500319952,2130.150000000000,0.010000000000
1500319955,2130.150000000000,0.010000000000
1500319957,2130.150000000000,0.010000000000
1500319960,2130.150000000000,0.010000000000
1500319961,2130.150000000000,0.010000000000
1500319964,2130.150000000000,0.010000000000
1500319967,2130.150000000000,0.010000000000
1500319969,2130.150000000000,0.010000000000
1500319971,2130.150000000000,0.010000000000
1500319973,2130.150000000000,0.010000000000
1500319977,2130.150000000000,0.010000000000
1500319991,2130.150000000000,0.010000000000
1500320008,2130.150000000000,0.008800000000
1500320008,2130.150000000000,0.067200000000
1500320456,2113.030000000000,0.230000000000
1500320457,2113.030000000000,0.231000000000
1500320458,2113.030000000000,0.022000000000
1500320458,2113.030000000000,0.232000000000
1500320459,2113.030000000000,0.232000000000
1500320459,2113.030000000000,0.231000000000
1500320459,2113.030000000000,0.232000000000
1500320460,2113.000000000000,0.050000000000
1500320569,2106.010000000000,0.000100000000
1500320571,2106.010000000000,2.828100000000
1500320766,2112.990000000000,0.021000000000
1500320777,2112.990000000000,0.925100000000
1500320785,2112.990000000000,0.017600000000
1500320818,2112.990000000000,0.008400000000
1500320834,2112.990000000000,0.232000000000
1500320834,2112.990000000000,0.205000000000
1500320834,2112.990000000000,0.232000000000
1500320835,2112.990000000000,0.101000000000
1500320835,2112.990000000000,0.230000000000
1500320886,2112.990000000000,0.131000000000
1500320887,2112.990000000000,0.096000000000
1500320887,2112.990000000000,0.231000000000
1500320887,2112.990000000000,0.232000000000
1500320887,2112.990000000000,0.230000000000
1500320910,2112.980000000000,0.030000000000
1500320989,2110.000000000000,0.010000000000
1500320997,2110.000000000000,0.010000000000
1500321007,2110.000000000000,0.006000000000
1500321042,2110.000000000000,0.018900000000
1500321055,2109.080000000000,0.133800000000
1500321064,2109.100000000000,0.100000000000
1500321070,2110.000000000000,0.232000000000
1500321070,2110.000000000000,0.230000000000
1500321071,2110.000000000000,0.232000000000
1500321071,2110.000000000000,0.230000000000
1500321071,2110.000000000000,0.233000000000
1500321072,2110.000000000000,0.232000000000
1500321072,2110.000000000000,0.231000000000
1500321072,2110.000000000000,0.232000000000
1500321073,2110.000000000000,0.077800000000
1500321126,2110.000000000000,0.021000000000
1500321162,2110.000000000000,0.020200000000
1500321173,2110.000000000000,0.009700000000
1500321187,2110.000000000000,0.102300000000
1500321187,2110.000000000000,0.230000000000
1500321188,2110.000000000000,0.134000000000
1500321188,2110.000000000000,0.232000000000
1500321188,2110.000000000000,0.221700000000
1500321189,2110.000000000000,0.010300000000
1500321189,2110.000000000000,0.216000000000
1500321243,2110.000000000000,0.016000000000
1500321244,2110.000000000000,0.131000000000
1500321244,2110.000000000000,0.233000000000
1500321244,2110.000000000000,0.232000000000
1500321244,2110.000000000000,0.232000000000
1500321617,2110.070000000000,0.063000000000
1500321635,2119.990000000000,0.009600000000
1500321668,2120.000000000000,0.445200000000
1500321680,2120.000000000000,0.219500000000
1500321760,2120.890000000000,0.016700000000
1500321871,2127.860000000000,0.012300000000
1500321872,2127.860000000000,0.023200000000
1500321872,2127.980000000000,4.705000000000
1500321872,2128.000000000000,0.632200000000
1500321967,2127.900000000000,0.000200000000
1500321967,2127.900000000000,0.012300000000
1500322048,2136.990000000000,0.023200000000
1500322072,2137.000000000000,0.004000000000
1500322092,2144.970000000000,0.023200000000
1500322092,2144.980000000000,0.150200000000
1500322092,2137.000000000000,0.046000000000
1500322112,2144.960000000000,0.012300000000
1500322112,2144.970000000000,0.023200000000
1500322130,2144.990000000000,5.374000000000
1500322130,2145.000000000000,2.000000000000
1500322131,2146.000000000000,0.566100000000
1500322131,2144.970000000000,0.012300000000
1500322163,2145.980000000000,0.012300000000
1500322163,2145.990000000000,0.023200000000
1500322163,2146.000000000000,9.433900000000
1500322164,2154.000000000000,2.590400000000
1500322187,2153.980000000000,0.012300000000
1500322188,2153.990000000000,0.023200000000
1500322189,2153.990000000000,0.010000000000
1500322191,2153.990000000000,0.075000000000
1500322268,2164.410000000000,0.000200000000
1500322270,2164.410000000000,0.010000000000
1500322273,2164.410000000000,0.002600000000
1500322538,2155.580000000000,0.000700000000
1500322595,2155.950000000000,0.000100000000
1500322736,2156.670000000000,0.049800000000
1500322736,2156.760000000000,0.000200000000
1500322803,2156.850000000000,0.010000000000
1500322804,2156.850000000000,0.190000000000
1500322819,2159.860000000000,0.010000000000
1500323020,2159.860000000000,0.088100000000
1500323067,2159.860000000000,0.113900000000
1500323086,2159.860000000000,0.014000000000
1500323086,2159.860000000000,0.226000000000
1500323086,2159.860000000000,0.227000000000
1500323086,2159.860000000000,0.218000000000
1500323087,2159.860000000000,0.015000000000
1500323087,2159.860000000000,0.225000000000
1500323088,2159.860000000000,0.075000000000
1500323111,2159.860000000000,0.152000000000
1500323112,2159.860000000000,0.206500000000
1500323112,2159.860000000000,0.225000000000
1500323122,2159.860000000000,0.034900000000
1500323122,2159.860000000000,0.019500000000
1500323124,2159.860000000000,0.008200000000
1500323137,2159.860000000000,0.012300000000
1500323142,2159.860000000000,0.009000000000
1500323158,2159.860000000000,0.051100000000
1500323181,2159.860000000000,0.225000000000
1500323181,2159.860000000000,0.110500000000
1500323182,2159.860000000000,0.225000000000
1500323182,2159.860000000000,0.227000000000
1500323182,2159.860000000000,0.227000000000
1500323183,2159.860000000000,0.134800000000
1500323244,2159.860000000000,0.029300000000
1500323277,2159.860000000000,0.062900000000
1500323277,2159.860000000000,0.227000000000
1500323277,2159.860000000000,0.218700000000
1500323379,2159.860000000000,0.008300000000
1500323380,2159.860000000000,0.001900000000
1500323389,2159.860000000000,0.117500000000
1500323392,2159.860000000000,0.107600000000
1500323392,2159.860000000000,0.225000000000
1500323392,2159.860000000000,0.225000000000
1500323658,2165.000000000000,0.013900000000
1500323664,2165.000000000000,0.081900000000
1500323693,2165.000000000000,0.018800000000
1500323696,2165.000000000000,0.020500000000
1500323701,2165.000000000000,0.002000000000
1500323714,2165.000000000000,0.756900000000
1500323742,2165.000000000000,0.002800000000
1500323756,2165.000000000000,0.040700000000
1500323756,2170.000000000000,0.049800000000
1500323832,2170.000000000000,0.014300000000
1500323945,2170.000000000000,0.009000000000
1500324033,2169.980000000000,0.343300000000
1500324052,2169.990000000000,0.017600000000
1500324053,2169.990000000000,0.036800000000
1500324059,2169.990000000000,0.005500000000
1500324063,2169.990000000000,0.014300000000
1500324105,2170.000000000000,0.500000000000
1500324146,2170.000000000000,0.500000000000
1500324157,2170.000000000000,0.500000000000
1500324158,2170.000000000000,0.024500000000
1500324159,2170.000000000000,0.020000000000
1500324166,2170.000000000000,0.500000000000
1500324169,2170.000000000000,0.944300000000
1500324174,2170.000000000000,0.500000000000
1500324176,2170.000000000000,0.027000000000
1500324263,2170.000000000000,0.009400000000
1500324267,2170.000000000000,0.010200000000
1500324304,2170.000000000000,0.058700000000
1500324316,2170.000000000000,0.055100000000
1500324327,2170.000000000000,0.100000000000
1500324359,2170.000000000000,0.049500000000
1500324405,2170.000000000000,0.008200000000
1500324411,2170.000000000000,0.011800000000
1500324420,2170.000000000000,0.028600000000
1500324429,2170.000000000000,0.008200000000
1500324473,2170.000000000000,0.051400000000
1500324509,2170.000000000000,0.008200000000
1500324519,2170.000000000000,0.667600000000
1500324535,2170.000000000000,0.016300000000
1500324553,2170.000000000000,0.500000000000
1500324556,2170.000000000000,0.500000000000
1500324565,2170.000000000000,0.100000000000
1500324566,2170.000000000000,0.100000000000
1500324572,2170.000000000000,0.005200000000
1500324614,2170.000000000000,0.036300000000
1500324617,2170.000000000000,0.086400000000
1500324617,2171.350000000000,0.814500000000
1500324635,2171.350000000000,0.049700000000
1500324673,2171.350000000000,11.135800000000
1500324707,2176.170000000000,0.000200000000
1500324707,2188.970000000000,0.012300000000
1500324707,2188.990000000000,0.023200000000
1500324708,2189.000000000000,0.022700000000
1500324719,2188.980000000000,0.012300000000
1500324720,2188.980000000000,0.023200000000
1500324720,2188.990000000000,0.022900000000
1500324848,2188.680000000000,0.012300000000
1500324849,2188.680000000000,0.023200000000
1500324849,2188.690000000000,0.587200000000
1500324993,2173.620000000000,0.000200000000
1500324994,2173.620000000000,0.148600000000
1500324995,2173.620000000000,0.076400000000
1500324996,2173.620000000000,0.173600000000
1500325124,2173.690000000000,0.002000000000
1500325219,2173.690000000000,0.056000000000
1500325353,2173.690000000000,0.166000000000
1500325353,2173.690000000000,0.001000000000
1500325383,2173.690000000000,0.000300000000
1500325396,2173.690000000000,0.185000000000
1500325788,2177.950000000000,0.117300000000
1500325831,2177.930000000000,0.008700000000
1500325890,2177.920000000000,0.046400000000
1500325904,2173.770000000000,0.085600000000
1500325904,2173.770000000000,4.585000000000
1500325905,2173.760000000000,0.227000000000
1500325905,2173.760000000000,0.223000000000
1500325905,2173.760000000000,0.227000000000
1500325906,2173.760000000000,0.227000000000
1500325906,2173.760000000000,0.227000000000
1500325906,2173.760000000000,0.227000000000
1500325906,2173.760000000000,0.227000000000
1500325907,2173.760000000000,0.228000000000
1500325907,2173.760000000000,0.227000000000
1500325907,2173.760000000000,0.227000000000
1500325908,2173.740000000000,0.229000000000
1500325908,2173.760000000000,0.228000000000
1500325908,2173.740000000000,0.230000000000
1500325908,2173.740000000000,0.229000000000
1500325909,2173.740000000000,0.229000000000
1500325909,2173.740000000000,0.229000000000
1500325909,2173.740000000000,0.229000000000
1500325912,2173.000000000000,0.085600000000
1500325915,2173.000000000000,0.014500000000
1500325922,2172.990000000000,0.023200000000
1500325922,2172.990000000000,0.012300000000
1500325923,2173.000000000000,0.014300000000
1500325930,2172.980000000000,0.008000000000
1500325937,2172.970000000000,0.012300000000
1500325938,2172.980000000000,0.023200000000
1500325938,2172.990000000000,0.006000000000
1500326020,2172.940000000000,0.004400000000
1500326021,2172.940000000000,0.012800000000
1500326023,2172.940000000000,0.016600000000
1500326053,2172.940000000000,0.189200000000
1500326053,2172.940000000000,0.195400000000
1500326067,2172.940000000000,0.028600000000
1500326067,2172.940000000000,0.020900000000
1500326073,2172.940000000000,0.008300000000
1500326090,2172.940000000000,0.004800000000
1500326102,2172.940000000000,0.051400000000
1500326121,2172.940000000000,0.138600000000
1500326122,2172.940000000000,0.039900000000
1500326125,2172.940000000000,0.154200000000
1500326171,2172.940000000000,0.008300000000
1500326219,2172.940000000000,0.014500000000
1500326248,2172.940000000000,0.006100000000
1500326248,2172.940000000000,0.223000000000
1500326249,2172.940000000000,0.107000000000
1500326249,2172.940000000000,0.222000000000
1500326249,2172.940000000000,0.224000000000
1500326250,2172.940000000000,0.181000000000
1500326250,2172.940000000000,0.164000000000
1500326250,2172.940000000000,0.224000000000
1500326250,2172.940000000000,0.225000000000
1500326251,2172.940000000000,0.222000000000
1500326251,2172.940000000000,0.225000000000
1500326251,2172.940000000000,0.225000000000
1500326252,2172.940000000000,0.223000000000
1500326252,2172.940000000000,0.223000000000
1500326252,2172.940000000000,0.223000000000
1500326252,2172.940000000000,0.225000000000
1500326253,2172.940000000000,0.224000000000
1500326253,2172.940000000000,0.224000000000
1500326253,2172.940000000000,0.224000000000
1500326254,2172.940000000000,0.224000000000
1500326254,2172.940000000000,0.225000000000
1500326254,2172.940000000000,0.224000000000
1500326258,2178.160000000000,0.040400000000
1500326261,2178.150000000000,0.042100000000
1500326272,2188.500000000000,0.023000000000
1500326272,2186.620000000000,0.023200000000
1500326444,2179.000000000000,0.010000000000
1500326445,2180.000000000000,0.003200000000
1500326466,2180.000000000000,0.066000000000
1500326517,2181.840000000000,0.009900000000
1500326531,2181.840000000000,0.000300000000
1500326531,2178.000000000000,0.010000000000
1500326549,2178.000000000000,0.020700000000
1500326556,2177.010000000000,0.224000000000
1500326556,2177.010000000000,0.227000000000
1500326557,2177.010000000000,0.227000000000
1500326557,2177.010000000000,0.226000000000
1500326557,2177.010000000000,0.228000000000
1500326557,2177.010000000000,0.224000000000
1500326558,2177.010000000000,0.223000000000
1500326558,2177.010000000000,0.227000000000
1500326558,2177.010000000000,0.223000000000
1500326559,2177.010000000000,0.226000000000
1500326559,2177.010000000000,0.227000000000
1500326559,2177.010000000000,0.085500000000
1500326560,2177.000000000000,3.565000000000
1500326562,2177.000000000000,0.085500000000
1500326563,2177.000000000000,0.227000000000
1500326603,2176.970000000000,0.012300000000
1500326603,2176.980000000000,0.028400000000
1500326609,2176.980000000000,0.014500000000
1500326666,2176.960000000000,0.004800000000
1500326723,2176.950000000000,0.083000000000
1500326741,2176.940000000000,0.124400000000
1500326804,2176.940000000000,0.041500000000
1500326833,2176.940000000000,0.014100000000
1500326833,2176.940000000000,0.036100000000
1500326839,2176.930000000000,0.012300000000
1500326839,2176.940000000000,0.000100000000
1500326882,2176.940000000000,0.004400000000
1500326886,2176.940000000000,0.136600000000
1500326886,2176.940000000000,0.029200000000
1500326890,2170.570000000000,4.593000000000
1500326891,2170.570000000000,0.224000000000
1500326891,2170.570000000000,0.229000000000
1500326891,2170.570000000000,0.021000000000
1500326891,2170.570000000000,0.224000000000
1500326892,2170.570000000000,0.230000000000
1500326892,2170.570000000000,0.230000000000
1500326892,2170.570000000000,0.224000000000
1500326893,2170.560000000000,0.226000000000
1500326893,2170.560000000000,0.226000000000
1500326893,2170.560000000000,0.225000000000
1500326893,2170.570000000000,0.223000000000
1500326894,2170.560000000000,0.227000000000
1500326894,2170.560000000000,0.226000000000
1500326894,2170.560000000000,0.225000000000
1500326895,2170.560000000000,0.227000000000
1500326895,2170.560000000000,0.225000000000
1500326895,2170.560000000000,0.227000000000
1500326896,2170.560000000000,0.225000000000
1500326896,2168.000000000000,0.454000000000
1500326896,2170.550000000000,0.226000000000
1500326897,2165.020000000000,0.085900000000
1500326898,2165.010000000000,1.453300000000
1500326898,2165.000000000000,4.379200000000
1500326899,2165.000000000000,0.013000000000
1500326899,2165.000000000000,0.400000000000
1500326912,2176.920000000000,0.012300000000
1500326912,2176.940000000000,0.000100000000
1500326944,2176.890000000000,0.012300000000
1500326944,2176.890000000000,0.000100000000
1500327004,2170.590000000000,0.018600000000
1500327075,2170.630000000000,0.085700000000
1500327076,2170.610000000000,0.227000000000
1500327076,2170.610000000000,0.228000000000
1500327076,2170.620000000000,4.598000000000
1500327077,2170.610000000000,0.228000000000
1500327077,2170.570000000000,0.227000000000
1500327077,2170.610000000000,0.228000000000
1500327078,2170.560000000000,0.227000000000
1500327080,2170.000000000000,0.085700000000
1500327082,2170.000000000000,0.227000000000
1500327091,2170.000000000000,0.010400000000
1500327094,2169.990000000000,0.028300000000
1500327109,2165.010000000000,0.229000000000
1500327109,2165.010000000000,0.231000000000
1500327109,2165.010000000000,0.229000000000
1500327110,2165.010000000000,0.228000000000
1500327110,2165.010000000000,0.231000000000
1500327110,2165.010000000000,0.085900000000
1500327110,2165.000000000000,0.101900000000
1500327112,2165.010000000000,0.011500000000
1500327112,2165.000000000000,0.022000000000
1500327116,2169.980000000000,0.012300000000
1500327116,2169.990000000000,0.006800000000
1500327123,2169.980000000000,0.005200000000
1500327180,2169.920000000000,0.008300000000
1500327206,2169.900000000000,0.000100000000
1500327206,2169.900000000000,0.012300000000
1500327206,2169.900000000000,0.000100000000
1500327243,2169.860000000000,0.006400000000
1500327363,2165.010000000000,0.016500000000
1500327371,2165.010000000000,0.077000000000
1500327420,2165.010000000000,0.126000000000
1500327420,2165.010000000000,0.085900000000
1500327420,2165.010000000000,0.230000000000
1500327421,2165.000000000000,5.083900000000
1500327636,2149.930000000000,0.007300000000
1500327652,2149.920000000000,0.006100000000
1500327672,2149.910000000000,0.009600000000
1500327721,2149.910000000000,0.213400000000
1500327721,2149.910000000000,0.153000000000
1500327721,2149.910000000000,0.133600000000
1500327779,2149.910000000000,0.007300000000
1500327791,2149.910000000000,0.005700000000
1500327799,2149.910000000000,0.077400000000
1500327800,2149.910000000000,0.180600000000
1500327800,2149.910000000000,0.224000000000
1500327800,2149.910000000000,0.018000000000
1500327820,2149.910000000000,0.024700000000
1500327824,2149.910000000000,0.011700000000
1500327825,2149.910000000000,0.071500000000
1500327856,2149.910000000000,0.025100000000
1500327861,2149.910000000000,0.148600000000
1500327861,2149.910000000000,0.224000000000
1500327861,2149.910000000000,0.127400000000
1500327881,2149.910000000000,0.011400000000
1500327882,2149.910000000000,0.088600000000
1500327897,2149.910000000000,0.009600000000
1500327908,2149.910000000000,0.125800000000
1500327908,2149.910000000000,0.224000000000
1500327908,2149.910000000000,0.227000000000
1500327909,2149.910000000000,0.155200000000
1500327909,2149.910000000000,0.226000000000
1500327911,2149.910000000000,0.052000000000
1500327915,2149.910000000000,0.015800000000
1500327915,2149.910000000000,0.084200000000
1500327916,2149.910000000000,0.100000000000
1500327921,2149.910000000000,0.038800000000
1500327922,2149.910000000000,0.224000000000
1500327922,2149.910000000000,0.223000000000
1500327923,2149.910000000000,0.224000000000
1500327924,2149.910000000000,0.225000000000
1500327925,2149.910000000000,0.065200000000
1500327927,2149.910000000000,0.159800000000
1500327927,2149.910000000000,0.225000000000
1500327928,2149.910000000000,0.224000000000
1500327928,2149.910000000000,0.225000000000
1500327928,2149.910000000000,0.224000000000
1500327928,2149.910000000000,0.942200000000
1500327930,2149.910000000000,0.076000000000
1500327932,2149.910000000000,0.113600000000
1500327934,2149.910000000000,3.808400000000
1500327935,2149.910000000000,2.000000000000
1500327939,2149.910000000000,2.000000000000
1500327940,2149.910000000000,0.117900000000
1500327943,2149.910000000000,4.000000000000
1500327950,2149.910000000000,1.410000000000
1500327950,2150.000000000000,2.000000000000
1500327953,2150.000000000000,1.602500000000
1500328546,2174.830000000000,0.023200000000
1500328546,2174.840000000000,1.207200000000
1500328713,2174.520000000000,1.400000000000
1500328752,2174.470000000000,0.012300000000
1500328753,2174.470000000000,0.023200000000
1500328753,2174.480000000000,0.221000000000
1500328796,2174.410000000000,0.222000000000
1500328796,2174.400000000000,0.023200000000
1500328796,2174.400000000000,0.012300000000
1500328797,2174.420000000000,0.227000000000
1500328797,2174.420000000000,0.227000000000
1500328797,2174.420000000000,0.228000000000
1500328797,2174.420000000000,0.228000000000
1500328798,2174.440000000000,0.152500000000
1500328904,2172.340000000000,0.057000000000
1500328904,2172.320000000000,0.012300000000
1500328904,2172.330000000000,0.023200000000
1500329391,2172.070000000000,0.023200000000
1500329391,2172.080000000000,0.053700000000
1500329423,2172.060000000000,0.023200000000
1500329423,2172.070000000000,0.033400000000
1500329429,2172.060000000000,0.221000000000
1500329432,2172.070000000000,0.085600000000
1500329440,2172.070000000000,0.085600000000
1500329450,2172.070000000000,0.069200000000
1500329450,2172.070000000000,0.016400000000
1500329451,2172.060000000000,0.221000000000
1500329458,2172.070000000000,0.020800000000
1500329459,2172.070000000000,0.085600000000
1500329469,2172.070000000000,0.046400000000
1500329469,2172.070000000000,0.039200000000
1500329476,2172.070000000000,0.117000000000
1500329477,2172.060000000000,1.771000000000
1500329478,2172.070000000000,0.017800000000
1500329478,2172.070000000000,0.067800000000
1500329487,2172.070000000000,0.085600000000
1500329488,2172.060000000000,2.000000000000
1500329489,2172.070000000000,0.038600000000
1500329489,2172.070000000000,0.012800000000
1500329507,2172.070000000000,0.047300000000
1500329533,2172.070000000000,0.029300000000
1500329556,2172.070000000000,0.008300000000
1500329577,2172.070000000000,0.010400000000
1500329584,2172.070000000000,0.011600000000
1500329586,2172.070000000000,0.016600000000
1500329608,2172.070000000000,0.008300000000
1500329623,2172.070000000000,0.076400000000
1500329624,2172.070000000000,0.026400000000
1500329624,2172.070000000000,0.192600000000
1500329625,2172.070000000000,0.221000000000
1500329625,2172.070000000000,0.223000000000
1500329625,2172.070000000000,0.222000000000
1500329626,2172.070000000000,0.220000000000
1500329626,2172.070000000000,0.222000000000
1500329626,2172.070000000000,0.221000000000
1500329626,2172.070000000000,0.166000000000
1500329627,2172.070000000000,0.222000000000
1500329627,2172.070000000000,0.221000000000
1500329627,2172.070000000000,0.221000000000
1500329628,2172.070000000000,0.224000000000
1500329651,2172.100000000000,1.741900000000
1500329653,2172.100000000000,0.011500000000
1500329664,2172.080000000000,0.227000000000
1500329664,2172.080000000000,0.228000000000
1500329665,2172.070000000000,1.095000000000
1500329665,2172.080000000000,0.225000000000
1500329665,2172.080000000000,0.225000000000
1500329670,2172.100000000000,0.000100000000
1500329679,2172.100000000000,0.224900000000
1500329679,2172.100000000000,0.227000000000
1500329679,2172.100000000000,0.226000000000
1500329680,2172.100000000000,0.227000000000
1500329680,2172.100000000000,0.224000000000
1500329681,2172.100000000000,0.229000000000
1500329681,2172.100000000000,0.229000000000
1500329681,2172.100000000000,0.229000000000
1500329682,2172.100000000000,0.229000000000
1500329682,2172.070000000000,0.372400000000
1500329682,2172.100000000000,0.229000000000
1500329682,2172.100000000000,0.229000000000
1500329684,2172.070000000000,0.246000000000
1500329685,2172.070000000000,2.000000000000
1500329689,2172.100000000000,0.227000000000
1500329689,2172.100000000000,0.137000000000
1500329689,2172.100000000000,0.137000000000
1500329689,2172.100000000000,0.137000000000
1500329690,2172.100000000000,0.137000000000
1500329690,2172.100000000000,0.137000000000
1500329690,2172.100000000000,0.137000000000
1500329691,2172.100000000000,0.137000000000
1500329691,2172.100000000000,0.137000000000
1500329691,2172.100000000000,0.137000000000
1500329692,2172.070000000000,0.403000000000
1500329692,2172.100000000000,0.137000000000
1500329702,2172.080000000000,2.000000000000
1500329702,2172.080000000000,1.221500000000
1500329705,2172.070000000000,1.542000000000
1500329761,2172.070000000000,0.288800000000
1500329824,2172.080000000000,0.014700000000
1500329825,2172.080000000000,0.046900000000
1500329922,2172.070000000000,0.268300000000
1500329923,2172.070000000000,0.006500000000
1500329955,2172.070000000000,0.170100000000
1500329984,2172.070000000000,1.816100000000
1500329987,2172.070000000000,0.018300000000
1500329992,2172.070000000000,0.034700000000
1500329993,2172.070000000000,0.014100000000
1500329996,2172.070000000000,0.768900000000
1500330005,2172.070000000000,0.237000000000
1500330017,2172.070000000000,0.067000000000
1500330021,2172.070000000000,0.011500000000
1500330024,2172.070000000000,1.000000000000
1500330024,2172.070000000000,0.014500000000
1500330025,2172.070000000000,0.490000000000
1500330026,2172.070000000000,0.032600000000
1500330028,2172.070000000000,0.011500000000
1500330029,2172.070000000000,0.830900000000
1500330034,2172.070000000000,8.385200000000
1500330035,2172.060000000000,0.707600000000
1500330384,2156.780000000000,1.226900000000
1500330385,2156.780000000000,1.782500000000
1500330386,2156.780000000000,0.433700000000
1500330452,2163.320000000000,0.009600000000
1500330457,2163.310000000000,0.008300000000
1500330470,2156.790000000000,0.190000000000
1500330487,2163.290000000000,0.008700000000
1500330554,2163.270000000000,0.020900000000
1500330580,2163.260000000000,0.019200000000
1500330580,2163.260000000000,0.001700000000
1500330678,2163.240000000000,0.230000000000
1500330678,2163.240000000000,0.230000000000
1500330679,2163.240000000000,0.210000000000
1500330679,2163.240000000000,0.230000000000
1500330679,2163.240000000000,0.230000000000
1500330680,2163.240000000000,0.230000000000
1500330738,2163.320000000000,0.023200000000
1500330739,2163.330000000000,0.083900000000
1500330786,2163.320000000000,0.004800000000
1500330797,2163.350000000000,0.033300000000
1500330813,2163.250000000000,0.229000000000
1500330813,2163.250000000000,0.229000000000
1500330814,2163.250000000000,0.192600000000
1500330828,2163.350000000000,2.966700000000
1500330831,2181.400000000000,0.007200000000
1500330832,2163.360000000000,0.141300000000
1500330856,2163.390000000000,0.011500000000
1500330862,2163.390000000000,0.229000000000
1500330862,2163.390000000000,0.229000000000
1500330862,2163.390000000000,0.074500000000
1500330863,2163.390000000000,0.102600000000
1500330867,2163.400000000000,0.741800000000
1500330868,2163.400000000000,0.586400000000
1500331040,2180.750000000000,0.012300000000
1500331041,2180.750000000000,0.003900000000
1500331155,2163.430000000000,4.590000000000
1500331156,2163.430000000000,0.143800000000
1500331156,2163.430000000000,0.229000000000
1500331160,2163.430000000000,0.085200000000
1500331160,2163.430000000000,0.230000000000
1500331161,2163.430000000000,0.230000000000
1500331161,2163.430000000000,0.230000000000
1500331161,2163.430000000000,0.229000000000
1500331162,2163.430000000000,0.229000000000
1500331162,2163.430000000000,0.229000000000
1500331162,2163.430000000000,0.230000000000
1500331163,2163.430000000000,0.230000000000
1500331163,2163.430000000000,0.229000000000
1500331163,2163.430000000000,0.229000000000
1500331164,2163.430000000000,0.229000000000
1500331164,2163.430000000000,0.229000000000
1500331165,2163.430000000000,0.229000000000
1500331165,2163.430000000000,0.230000000000
1500331165,2163.430000000000,0.230000000000
1500331165,2163.430000000000,0.229000000000
1500331166,2163.430000000000,0.230000000000
1500331166,2163.430000000000,0.229000000000
1500331166,2163.430000000000,0.229000000000
1500331167,2163.430000000000,0.229000000000
1500331167,2163.430000000000,0.229000000000
1500331168,2163.430000000000,0.060600000000
1500331170,2163.430000000000,0.229000000000
1500331170,2163.430000000000,0.229000000000
1500331170,2163.430000000000,0.169400000000
1500331171,2163.430000000000,0.229000000000
1500331171,2163.430000000000,0.230000000000
1500331171,2163.430000000000,0.230000000000
1500331172,2163.430000000000,0.229000000000
1500331172,2163.430000000000,0.230000000000
1500331172,2163.430000000000,0.230000000000
1500331173,2163.430000000000,0.229000000000
1500331173,2163.430000000000,0.229000000000
1500331173,2163.430000000000,0.230000000000
1500331174,2163.430000000000,0.229000000000
1500331174,2163.430000000000,0.230000000000
1500331203,2163.360000000000,4.597000000000
1500331203,2163.360000000000,0.229000000000
1500331204,2163.360000000000,0.136800000000
1500331229,2163.420000000000,0.048900000000
1500331241,2163.420000000000,0.023000000000
1500331249,2163.420000000000,0.004800000000
1500331265,2163.420000000000,0.153300000000
1500331265,2163.420000000000,0.229000000000
1500331266,2163.420000000000,0.229000000000
1500331266,2163.420000000000,0.229000000000
1500331266,2163.420000000000,0.230000000000
1500331267,2163.420000000000,0.230000000000
1500331267,2163.420000000000,0.230000000000
1500331267,2163.420000000000,0.229000000000
1500331268,2163.420000000000,0.229000000000
1500331268,2163.420000000000,0.230000000000
1500331281,2163.430000000000,0.000100000000
1500331296,2179.190000000000,0.023200000000
1500331296,2179.140000000000,0.000300000000
1500331297,2179.200000000000,0.035100000000
1500331317,2179.190000000000,0.088000000000
1500331745,2179.030000000000,0.021800000000
1500331832,2179.030000000000,0.023200000000
1500331833,2179.040000000000,0.018200000000
1500331896,2179.030000000000,0.004400000000
1500331905,2179.040000000000,0.010300000000
1500331956,2179.030000000000,0.008700000000
1500332012,2179.030000000000,0.014500000000
1500332019,2179.030000000000,0.020800000000
1500332021,2179.030000000000,0.002400000000
1500332021,2179.040000000000,0.059600000000
1500332028,2179.030000000000,0.023200000000
1500332028,2179.040000000000,0.138900000000
1500332028,2179.040000000000,0.228000000000
1500332029,2179.040000000000,0.228000000000
1500332029,2179.040000000000,0.153900000000
1500332029,2179.040000000000,0.228000000000
1500332093,2179.030000000000,0.023200000000
1500332093,2179.040000000000,0.018100000000
1500332124,2179.030000000000,0.023200000000
1500332124,2179.040000000000,0.056000000000
1500332124,2179.040000000000,0.020800000000
1500332130,2179.040000000000,0.001600000000
1500332130,2179.030000000000,0.023200000000
1500332140,2179.030000000000,0.023200000000
1500332142,2179.040000000000,0.010000000000
1500332144,2179.040000000000,0.195600000000
1500332144,2185.290000000000,0.012300000000
1500332144,2189.000000000000,0.077300000000
1500332145,2189.990000000000,0.380000000000
1500332146,2190.000000000000,0.334800000000
1500332148,2180.130000000000,0.010000000000
1500332153,2179.030000000000,0.013200000000
1500332161,2190.000000000000,0.964500000000
1500332161,2189.990000000000,0.023200000000
1500332161,2189.990000000000,0.012300000000
1500332189,2190.000000000000,0.007600000000
1500332202,2190.000000000000,0.009500000000
1500332209,2190.000000000000,0.048800000000
1500332213,2190.000000000000,1.000000000000
1500332225,2190.000000000000,1.000000000000
1500332289,2190.000000000000,0.051100000000
1500332303,2190.000000000000,0.017300000000
1500332315,2190.000000000000,11.566400000000
1500332322,2193.180000000000,0.000200000000
1500332322,2200.040000000000,0.115600000000
1500332532,2200.030000000000,0.012300000000
1500332533,2200.040000000000,0.380100000000
1500332569,2200.030000000000,0.012300000000
1500332569,2200.040000000000,0.057800000000
1500332574,2200.030000000000,0.012300000000
1500332616,2200.020000000000,0.012300000000
1500332617,2200.030000000000,0.012300000000
1500332669,2200.030000000000,0.012300000000
1500332669,2200.040000000000,0.624900000000
1500332709,2200.040000000000,0.100000000000
1500332739,2200.040000000000,0.009000000000
1500332754,2200.040000000000,0.016400000000
1500332770,2200.040000000000,0.006300000000
1500332830,2200.030000000000,0.008200000000
1500332837,2200.030000000000,0.009000000000
1500332841,2200.040000000000,0.001400000000
1500332841,2200.030000000000,0.003300000000
1500332867,2200.040000000000,0.002000000000
1500332867,2200.030000000000,0.012300000000
1500332889,2201.020000000000,0.023200000000
1500332889,2200.320000000000,3.000000000000
1500332889,2200.040000000000,2.682800000000
1500332890,2201.030000000000,10.793900000000
1500332891,2200.030000000000,0.012300000000
1500332892,2201.030000000000,0.075000000000
1500332896,2201.020000000000,0.023200000000
1500332897,2201.030000000000,0.076800000000
1500332903,2201.030000000000,0.004000000000
1500332923,2201.240000000000,0.949700000000
1500332923,2201.030000000000,1.050300000000
1500332932,2223.250000000000,0.018000000000
1500332942,2223.260000000000,0.083700000000
1500332943,2223.250000000000,0.084200000000
1500332943,2223.250000000000,0.014100000000
1500332950,2223.360000000000,0.000200000000
1500332950,2223.260000000000,0.083700000000
1500332961,2206.590000000000,0.006300000000
1500333055,2206.590000000000,0.127000000000
1500333055,2206.600000000000,0.098100000000
1500333060,2214.010000000000,0.084000000000
1500333067,2213.990000000000,0.110000000000
1500333071,2213.990000000000,3.093400000000
1500333072,2213.990000000000,1.313600000000
1500333072,2213.990000000000,1.000000000000
1500333073,2214.000000000000,0.652100000000
1500333139,2213.880000000000,0.024500000000
1500333143,2213.880000000000,0.008200000000
1500333259,2213.240000000000,0.010000000000
1500333259,2213.250000000000,0.160200000000
1500333267,2204.560000000000,0.002200000000
1500333314,2212.530000000000,0.014300000000
1500333318,2212.530000000000,0.008200000000
1500333334,2212.530000000000,0.115000000000
1500333381,2211.570000000000,0.014300000000
1500333389,2211.570000000000,0.005100000000
1500333418,2211.000000000000,0.036700000000
1500333422,2211.000000000000,0.338400000000
1500333615,2211.280000000000,0.084100000000
1500333615,2211.270000000000,0.225000000000
1500333615,2211.270000000000,0.225000000000
1500333615,2211.290000000000,4.490000000000
1500333616,2211.270000000000,0.224000000000
1500333616,2211.270000000000,0.226000000000
1500333616,2211.270000000000,0.224000000000
1500333617,2211.260000000000,0.225000000000
1500333617,2211.260000000000,0.225000000000
1500333617,2211.250000000000,0.224000000000
1500333618,2211.250000000000,0.225000000000
1500333618,2211.250000000000,0.224000000000
1500333618,2211.250000000000,0.224000000000
1500333618,2211.250000000000,0.224000000000
1500333619,2211.240000000000,0.224000000000
1500333619,2211.250000000000,0.225000000000
1500333619,2211.240000000000,0.224000000000
1500333620,2211.240000000000,0.224000000000
1500333620,2211.240000000000,0.224000000000
1500333623,2211.200000000000,0.225000000000
1500333623,2211.200000000000,0.224000000000
1500333623,2211.200000000000,0.084100000000
1500333624,2211.200000000000,0.223000000000
1500333625,2211.200000000000,0.225000000000
1500333625,2211.200000000000,0.225000000000
1500333626,2211.200000000000,0.225000000000
1500333626,2211.200000000000,0.225000000000
1500333627,2211.200000000000,0.225000000000
1500333627,2211.200000000000,0.225000000000
1500333627,2211.200000000000,0.225000000000
1500333633,2211.010000000000,0.298000000000
1500333637,2211.200000000000,0.031600000000
1500333637,2211.190000000000,0.012300000000
1500333658,2211.180000000000,0.002000000000
1500333723,2211.140000000000,0.016300000000
1500333745,2211.130000000000,0.005000000000
1500333781,2211.110000000000,0.050400000000
1500333845,2202.970000000000,0.227000000000
1500333846,2202.970000000000,0.227000000000
1500333846,2202.970000000000,0.225000000000
1500333846,2202.970000000000,0.225000000000
1500333847,2202.970000000000,0.187400000000
1500334267,2203.070000000000,0.183000000000
1500334282,2180.340000000000,0.008200000000
1500334338,2209.790000000000,0.046100000000
1500334501,2209.490000000000,0.040000000000
1500334501,2209.490000000000,0.012300000000
1500334501,2209.490000000000,0.023200000000
1500334501,2209.500000000000,0.674500000000
1500334549,2209.440000000000,0.012300000000
1500334549,2209.440000000000,0.130000000000
1500334549,2209.440000000000,4.518000000000
1500334550,2209.450000000000,0.225000000000
1500334550,2209.450000000000,0.224000000000
1500334550,2209.450000000000,0.216400000000
1500334551,2209.460000000000,0.172300000000
1500334551,2209.460000000000,0.223000000000
1500334554,2209.450000000000,0.100000000000
1500334564,2209.440000000000,0.207000000000
1500334565,2209.440000000000,0.223000000000
1500334565,2209.450000000000,0.124000000000
1500334565,2209.450000000000,1.446000000000
1500334573,2209.440000000000,0.174000000000
1500334574,2209.450000000000,0.224000000000
1500334574,2209.440000000000,0.224000000000
1500334578,2209.460000000000,0.051700000000
1500334578,2209.470000000000,0.183000000000
1500334579,2209.470000000000,0.222000000000
1500334579,2209.470000000000,0.224000000000
1500334579,2209.470000000000,0.223000000000
1500334579,2209.470000000000,0.224000000000
1500334580,2209.470000000000,0.224000000000
1500334580,2209.480000000000,0.223000000000
1500334580,2209.480000000000,0.224000000000
1500334581,2210.690000000000,0.023200000000
1500334581,2209.680000000000,4.515000000000
1500334581,2209.480000000000,0.224000000000
1500334582,2210.780000000000,1.666100000000
1500334589,2211.430000000000,0.225000000000
1500334589,2211.430000000000,0.224000000000
1500334703,2233.310000000000,1.863700000000
1500334801,2217.260000000000,0.018300000000
1500334971,2217.330000000000,0.015000000000
1500334972,2217.330000000000,0.015000000000
1500334974,2217.330000000000,0.015000000000
1500334980,2217.330000000000,0.182000000000
1500335023,2217.350000000000,0.008200000000
1500335024,2217.340000000000,0.088300000000
1500335024,2217.350000000000,0.075700000000
1500335057,2217.350000000000,0.182000000000
1500335478,2227.530000000000,0.040400000000
1500335828,2222.570000000000,4.494000000000
1500335828,2222.560000000000,0.012300000000
1500335829,2222.580000000000,0.222000000000
1500335829,2222.590000000000,0.223000000000
1500335829,2222.590000000000,0.224000000000
1500335830,2222.590000000000,0.224000000000
1500335830,2222.600000000000,0.223000000000
1500335830,2222.600000000000,0.223000000000
1500335831,2222.610000000000,0.085000000000
1500335831,2222.600000000000,0.223000000000
1500335832,2222.640000000000,0.700000000000
1500335833,2222.640000000000,0.112000000000
1500335833,2222.640000000000,0.222000000000
1500335836,2222.640000000000,0.223000000000
1500335873,2228.970000000000,0.039000000000
1500335873,2233.460000000000,0.018200000000
1500336070,2222.680000000000,0.000100000000
1500336481,2226.000000000000,0.500000000000
1500336503,2226.000000000000,4.236400000000
1500336533,2226.000000000000,15.263600000000
1500336604,2226.590000000000,1.000000000000
1500336621,2226.000000000000,0.223000000000
1500336622,2226.000000000000,0.223000000000
1500336651,2225.010000000000,0.223000000000
1500336651,2225.010000000000,0.222000000000
1500336652,2225.010000000000,0.109000000000
1500336652,2225.010000000000,0.223000000000
1500336652,2225.010000000000,0.223000000000
1500336678,2225.010000000000,0.113000000000
1500336679,2225.010000000000,0.222000000000
1500336679,2225.010000000000,0.223000000000
1500336736,2217.250000000000,0.100000000000
1500336737,2217.250000000000,0.223000000000
1500336737,2217.250000000000,0.222000000000
1500336737,2217.250000000000,0.222000000000
1500336737,2217.250000000000,0.222000000000
1500336738,2217.250000000000,0.225000000000
1500336738,2217.250000000000,0.225000000000
1500336738,2217.250000000000,0.225000000000
1500336738,2217.250000000000,0.226000000000
1500336739,2217.250000000000,0.110000000000
1500336748,2224.960000000000,0.272400000000
1500336805,2217.250000000000,0.116000000000
1500336817,2217.240000000000,0.009400000000
1500336881,2188.170000000000,2.000000000000
1500336904,2188.170000000000,0.074000000000
1500336916,2188.170000000000,1.926000000000
1500336916,2188.160000000000,0.023200000000
1500336917,2188.170000000000,0.222000000000
1500336917,2206.160000000000,3.828800000000
1500336924,2188.150000000000,0.023200000000
1500336924,2188.150000000000,0.012300000000
1500336926,2188.150000000000,0.023200000000
1500336927,2188.160000000000,0.010000000000
1500336930,2188.160000000000,0.010000000000
1500336932,2188.160000000000,0.010000000000
1500336935,2188.160000000000,0.010000000000
1500336936,2188.160000000000,0.010000000000
1500336937,2188.160000000000,0.085000000000
1500336939,2188.160000000000,0.010000000000
1500336940,2188.160000000000,0.002000000000
1500336942,2188.150000000000,0.886300000000
1500336942,2188.150000000000,0.113700000000
1500336951,2188.160000000000,0.076000000000
1500336951,2188.160000000000,0.224000000000
1500336951,2188.160000000000,0.222000000000
1500336952,2188.160000000000,0.033000000000
1500336952,2188.160000000000,0.223000000000
1500336952,2188.160000000000,0.222000000000
1500336954,2188.150000000000,1.000000000000
1500336957,2188.150000000000,1.000000000000
1500336958,2188.160000000000,0.223000000000
1500336958,2188.160000000000,0.223000000000
1500336958,2188.160000000000,0.191000000000
1500336958,2188.160000000000,0.223000000000
1500336977,2194.000000000000,2.000000000000
1500337019,2194.040000000000,1.000000000000
1500337021,2194.040000000000,1.000000000000
1500337029,2209.380000000000,0.005700000000
1500337029,2209.380000000000,0.012300000000
1500337034,2194.050000000000,1.000000000000
1500337098,2216.890000000000,0.012300000000
1500337098,2216.890000000000,0.023200000000
1500337099,2216.950000000000,0.006700000000
1500337232,2216.810000000000,0.014300000000
1500337317,2217.250000000000,0.024400000000
1500337331,2217.250000000000,0.001200000000
1500337331,2217.240000000000,0.023200000000
1500337476,2197.230000000000,1.000000000000
1500337504,2197.270000000000,1.000000000000
1500337527,2197.300000000000,1.000000000000
1500337547,2197.340000000000,1.000000000000
1500337554,2217.190000000000,0.020200000000
1500337554,2217.190000000000,0.012300000000
1500337565,2197.360000000000,1.000000000000
1500337587,2197.380000000000,0.227000000000
1500337588,2197.380000000000,0.222000000000
1500337588,2197.380000000000,0.221000000000
1500337588,2197.380000000000,0.224000000000
1500337589,2197.380000000000,0.084700000000
1500337591,2197.380000000000,0.021300000000
1500337622,2197.410000000000,0.084700000000
1500337623,2197.410000000000,0.223000000000
1500337624,2197.410000000000,0.227000000000
1500337625,2197.410000000000,0.223000000000
1500337628,2197.410000000000,0.223000000000
1500337629,2197.410000000000,0.019300000000
1500337632,2197.410000000000,0.012300000000
1500337634,2197.410000000000,0.190400000000
1500337634,2197.410000000000,0.190400000000
1500337634,2197.410000000000,0.030600000000
1500337635,2197.410000000000,0.031600000000
1500337657,2197.410000000000,0.188400000000
1500337657,2197.410000000000,0.222000000000
1500337657,2197.410000000000,0.227000000000
1500337658,2197.410000000000,0.222000000000
1500337658,2197.410000000000,0.140600000000
1500337679,2197.410000000000,0.080400000000
1500337680,2197.410000000000,0.221000000000
1500337681,2197.410000000000,0.222000000000
1500337681,2197.410000000000,0.222000000000
1500337681,2197.410000000000,0.226000000000
1500337682,2197.410000000000,0.028600000000
1500337866,2197.410000000000,0.197400000000
1500337868,2175.000000000000,0.102000000000
1500337883,2174.990000000000,0.078100000000
1500337887,2175.000000000000,0.000600000000
1500337887,2175.000000000000,0.089400000000
1500337887,2174.990000000000,0.010000000000
1500337890,2174.990000000000,0.222000000000
1500337895,2174.990000000000,0.132000000000
1500337905,2175.000000000000,0.185000000000
1500337911,2174.990000000000,0.012300000000
1500337936,2175.000000000000,0.037000000000
1500337937,2175.000000000000,0.163000000000
1500337965,2175.000000000000,0.057000000000
1500337965,2175.000000000000,0.021000000000
1500337966,2175.000000000000,0.122000000000
1500337981,2175.000000000000,0.086000000000
1500337981,2175.000000000000,0.099000000000
1500337987,2175.000000000000,0.221000000000
1500337987,2175.000000000000,0.137000000000
1500337988,2175.000000000000,0.222000000000
1500337988,2175.000000000000,0.222000000000
1500338071,2179.990000000000,0.005100000000
1500338074,2200.730000000000,0.000100000000
1500338074,2180.000000000000,0.010000000000
1500338074,2179.990000000000,0.024900000000
1500338256,2179.000000000000,0.007200000000
1500338272,2179.000000000000,0.002800000000
1500338273,2179.980000000000,0.008300000000
1500338313,2179.980000000000,0.021700000000
1500338329,2179.990000000000,0.010000000000
1500338703,2217.230000000000,0.012300000000
1500338704,2217.250000000000,0.858400000000
1500338704,2217.240000000000,0.023200000000
1500338704,2225.010000000000,0.106100000000
1500338706,2225.010000000000,0.335900000000
1500338707,2226.570000000000,0.168300000000
1500338981,2216.200000000000,0.224000000000
1500338981,2216.200000000000,0.216000000000
1500338981,2216.200000000000,0.216000000000
1500338982,2216.200000000000,0.220000000000
1500338982,2216.200000000000,0.217000000000
1500338982,2216.200000000000,0.217000000000
1500338982,2216.200000000000,0.217000000000
1500338983,2216.200000000000,0.216000000000
1500338983,2216.200000000000,0.217000000000
1500338983,2216.200000000000,0.218000000000
1500338984,2216.200000000000,0.218000000000
1500338984,2200.000000000000,1.852300000000
1500338993,2200.000000000000,2.249100000000
1500339127,2178.010000000000,0.010000000000
1500339283,2194.980000000000,0.023200000000
1500339284,2194.990000000000,0.000700000000
1500339284,2194.980000000000,0.000100000000
1500339284,2194.990000000000,0.030000000000
1500339385,2190.000000000000,0.051900000000
1500339406,2190.000000000000,0.016600000000
1500339406,2190.000000000000,0.008100000000
1500339546,2185.020000000000,0.070000000000
1500339553,2189.000000000000,0.050000000000
1500339553,2189.000000000000,0.154000000000
1500339553,2189.000000000000,0.216000000000
1500339566,2185.000000000000,0.010000000000
1500339566,2189.000000000000,0.008900000000
1500339593,2189.000000000000,0.016500000000
1500339600,2189.000000000000,0.203500000000
1500339601,2189.000000000000,0.216000000000
1500339601,2189.000000000000,0.218000000000
1500339601,2189.000000000000,0.217000000000
1500339602,2189.000000000000,0.095500000000
1500339639,2189.000000000000,0.053000000000
1500339639,2189.000000000000,0.121500000000
1500339639,2189.000000000000,0.217000000000
1500339640,2189.000000000000,0.201000000000
1500339640,2189.000000000000,0.217000000000
1500339641,2190.010000000000,0.012300000000
1500339654,2190.010000000000,0.020500000000
1500339769,2189.990000000000,0.020000000000
1500339769,2190.010000000000,0.017200000000
1500339865,2190.000000000000,0.396000000000
1500339918,2210.760000000000,0.013800000000
1500339977,2190.060000000000,0.084000000000
1500339990,2190.060000000000,0.120000000000
1500339992,2190.060000000000,0.008300000000
1500340002,2190.060000000000,0.095000000000
1500340035,2190.060000000000,0.000700000000
1500340036,2190.030000000000,0.216000000000
1500340036,2190.030000000000,0.219000000000
1500340036,2190.030000000000,0.216000000000
1500340037,2190.030000000000,0.217000000000
1500340037,2190.030000000000,0.131300000000
1500340046,2190.030000000000,0.085700000000
1500340047,2190.030000000000,0.034300000000
1500340076,2190.030000000000,0.180000000000
1500340158,2190.030000000000,0.000700000000
1500340159,2190.020000000000,0.217000000000
1500340368,2160.860000000000,0.100000000000
1500340536,2160.860000000000,0.126000000000
1500340537,2160.860000000000,0.226000000000
1500340537,2160.860000000000,0.224000000000
1500340537,2160.860000000000,0.225000000000
1500340538,2160.860000000000,0.199000000000
1500340548,2166.980000000000,0.002000000000
1500340550,2160.860000000000,0.225000000000
1500340550,2160.860000000000,0.023000000000
1500340550,2160.860000000000,0.230000000000
1500340551,2160.860000000000,0.226000000000
1500340551,2160.860000000000,0.072000000000
1500340551,2160.860000000000,0.224000000000
1500340563,2160.860000000000,0.158000000000
1500340563,2160.860000000000,0.229000000000
1500340564,2160.860000000000,0.223000000000
1500340564,2160.860000000000,0.167000000000
1500340564,2160.860000000000,0.223000000000
1500340576,2160.860000000000,0.063000000000
1500340577,2160.860000000000,0.231000000000
1500340577,2160.860000000000,0.231000000000
1500340577,2160.860000000000,0.231000000000
1500340578,2160.860000000000,0.230000000000
1500340578,2160.860000000000,0.014000000000
1500340605,2160.860000000000,0.225000000000
1500340605,2160.860000000000,0.217000000000
1500340660,2160.830000000000,0.131500000000
1500340660,2160.820000000000,0.023200000000
1500340660,2160.820000000000,0.012300000000
1500340662,2160.830000000000,0.041700000000
1500340669,2160.820000000000,0.023200000000
1500340669,2160.820000000000,0.012300000000
1500340670,2160.830000000000,0.075100000000
1500340719,2160.770000000000,0.023200000000
1500340720,2160.770000000000,0.162800000000
1500340732,2160.760000000000,0.012300000000
1500340733,2160.760000000000,0.000200000000
1500340736,2160.760000000000,0.023000000000
1500340737,2160.760000000000,0.002000000000
1500340796,2159.970000000000,0.006000000000
1500340803,2159.980000000000,0.081300000000
1500340838,2159.960000000000,0.020900000000
1500340884,2157.550000000000,0.204300000000
1500340885,2158.000000000000,0.217000000000
1500340885,2157.550000000000,0.215000000000
1500340885,2157.550000000000,0.135000000000
1500340886,2158.000000000000,0.215000000000
1500340887,2158.000000000000,0.141000000000
1500340887,2158.000000000000,0.216000000000
1500340889,2158.000000000000,0.217000000000
1500340890,2158.000000000000,0.046000000000
1500340890,2158.000000000000,0.196000000000
1500340898,2158.010000000000,0.036200000000
1500340898,2158.010000000000,0.050000000000
1500340917,2160.860000000000,0.015600000000
1500340917,2158.010000000000,0.017800000000
1500340962,2160.860000000000,0.016700000000
1500341009,2160.860000000000,0.004400000000
1500341067,2160.850000000000,0.000400000000
1500341430,2150.000000000000,0.015500000000
1500341440,2150.000000000000,0.034500000000
1500341440,2160.850000000000,0.023200000000
1500341441,2163.790000000000,0.012300000000
1500341441,2160.860000000000,0.021300000000
1500341441,2163.800000000000,0.005900000000
1500341453,2150.110000000000,0.000200000000
1500341454,2150.010000000000,0.039800000000
1500341714,2169.990000000000,0.023200000000
1500341714,2170.000000000000,0.030000000000
1500341715,2170.000000000000,0.946800000000
1500341715,2170.000000000000,0.053200000000
1500341716,2170.000000000000,0.023200000000
1500341724,2170.010000000000,1.000000000000
1500341735,2170.010000000000,0.085700000000
1500341755,2170.000000000000,0.229000000000
1500341755,2170.000000000000,0.923600000000
1500341755,2170.000000000000,1.000000000000
1500341756,2170.000000000000,0.225000000000
1500341756,2170.000000000000,0.231000000000
1500341756,2170.000000000000,0.230000000000
1500341756,2170.000000000000,0.230000000000
1500341757,2170.000000000000,0.231000000000
1500341757,2170.000000000000,0.229000000000
1500341757,2170.000000000000,0.229000000000
1500341758,2170.000000000000,0.230000000000
1500341758,2170.000000000000,0.230000000000
1500341761,2165.000000000000,0.462000000000
1500341765,2164.990000000000,0.012300000000
1500341765,2164.990000000000,0.023200000000
1500341766,2165.000000000000,0.916500000000
1500341822,2165.000000000000,0.005100000000
1500341829,2165.000000000000,3.005100000000
1500341830,2165.000000000000,0.088700000000
1500341847,2170.010000000000,0.013300000000
1500341898,2170.010000000000,0.001000000000
1500341899,2174.990000000000,0.012300000000
1500341899,2175.000000000000,0.040000000000
1500341899,2178.930000000000,0.023200000000
1500341900,2178.940000000000,0.050000000000
1500341957,2170.000000000000,0.032700000000
1500342001,2170.000000000000,0.090000000000
1500342004,2170.000000000000,0.100000000000
1500342171,2170.010000000000,0.020000000000
1500342172,2170.010000000000,0.000100000000
1500342172,2170.030000000000,0.020400000000
1500342310,2170.020000000000,0.023200000000
1500342311,2170.020000000000,0.023200000000
1500342318,2170.030000000000,0.029600000000
1500342318,2171.020000000000,0.040000000000
1500342319,2180.000000000000,0.020000000000
1500342319,2187.780000000000,0.000200000000
1500342319,2176.310000000000,0.040000000000
1500342320,2210.780000000000,0.072300000000
1500342517,2189.730000000000,1.476800000000
1500342517,2189.720000000000,0.023200000000
1500342568,2189.720000000000,0.023200000000
1500342569,2189.730000000000,0.226800000000
1500342967,2189.390000000000,0.023200000000
1500342967,2189.490000000000,0.229000000000
1500342967,2189.490000000000,0.022700000000
1500342984,2189.490000000000,0.205300000000
1500342984,2189.490000000000,0.228000000000
1500342984,2189.480000000000,0.023200000000
1500342985,2189.490000000000,0.228000000000
1500342985,2189.500000000000,0.226000000000
1500342985,2189.500000000000,0.089500000000
1500343020,2189.490000000000,0.023200000000
1500343020,2189.500000000000,0.227000000000
1500343020,2189.500000000000,0.228000000000
1500343020,2189.500000000000,0.137500000000
1500343021,2189.750000000000,0.384300000000
1500343022,2189.750000000000,0.615700000000
1500343272,2207.370000000000,0.012300000000
1500343273,2207.370000000000,0.023200000000
1500343273,2210.560000000000,0.034900000000
1500343375,2210.450000000000,0.005100000000
1500343480,2190.060000000000,0.084900000000
1500343481,2190.060000000000,0.230000000000
1500343481,2190.060000000000,0.228000000000
1500343481,2190.060000000000,0.229000000000
1500343482,2190.060000000000,0.228100000000
1500343508,2190.070000000000,0.213000000000
1500343508,2190.070000000000,0.084900000000
1500343509,2190.070000000000,0.222000000000
1500343509,2190.060000000000,0.220000000000
1500343509,2190.060000000000,0.222000000000
1500343510,2190.060000000000,0.038100000000
1500343546,2190.090000000000,0.084900000000
1500343547,2190.080000000000,0.228000000000
1500343547,2190.080000000000,0.214000000000
1500343547,2190.080000000000,0.228000000000
1500343548,2190.080000000000,0.224000000000
1500343548,2190.080000000000,0.021100000000
1500343564,2190.080000000000,0.194900000000
1500343564,2190.090000000000,0.228000000000
1500343564,2190.090000000000,0.229000000000
1500343565,2190.080000000000,0.213000000000
1500343565,2190.080000000000,0.135100000000
1500343610,2190.100000000000,1.000000000000
1500343645,2195.000000000000,1.000000000000
1500343658,2195.000000000000,1.000000000000
1500343673,2195.000000000000,1.000000000000
1500343685,2195.000000000000,1.000000000000
1500343699,2195.000000000000,1.000000000000
1500343748,2195.000000000000,0.213000000000
1500343748,2195.000000000000,0.087000000000
1500343800,2195.000000000000,0.125000000000
1500344701,2205.090000000000,0.001500000000
1500344760,2163.210000000000,0.000100000000
1500345895,2194.620000000000,0.012300000000
1500346602,2205.040000000000,0.016000000000
1500346602,2205.030000000000,0.023200000000
1500346602,2205.030000000000,0.012300000000
1500346603,2210.540000000000,0.741500000000
1500346603,2205.530000000000,0.167000000000
1500346603,2206.120000000000,0.040000000000
1500346659,2204.980000000000,0.012300000000
1500346660,2204.980000000000,0.023200000000
1500346660,2205.530000000000,0.167000000000
1500346660,2204.990000000000,0.227000000000
1500346661,2210.540000000000,1.460500000000
1500346778,2204.880000000000,0.012300000000
1500346779,2210.540000000000,0.737500000000
1500346779,2204.880000000000,0.023200000000
1500346779,2204.940000000000,0.227000000000
1500346927,2210.020000000000,0.023200000000
1500346927,2210.020000000000,0.012300000000
1500346928,2210.070000000000,1.964500000000
1500346999,2209.690000000000,0.023200000000
1500346999,2209.690000000000,0.012300000000
1500346999,2209.700000000000,0.204000000000
1500347000,2209.750000000000,0.227000000000
1500347000,2210.540000000000,0.533500000000
1500347011,2190.730000000000,0.084900000000
1500347011,2190.720000000000,0.227000000000
1500347012,2190.720000000000,0.227000000000
1500347012,2190.720000000000,0.227000000000
1500347012,2190.720000000000,0.227000000000
1500347013,2190.720000000000,0.227000000000
1500347013,2190.720000000000,0.227000000000
1500347013,2190.700000000000,1.454500000000
1500347014,2190.700000000000,0.128500000000
1500347023,2209.680000000000,0.023200000000
1500347023,2209.680000000000,0.012300000000
1500347024,2209.680000000000,0.000100000000
1500347026,2209.680000000000,0.023200000000
1500347026,2209.680000000000,0.012300000000
1500347042,2210.530000000000,0.012300000000
1500347042,2210.530000000000,0.023200000000
1500347043,2210.530000000000,0.964500000000
1500347052,2209.680000000000,0.128000000000
1500347438,2183.600000000000,0.085200000000
1500347438,2183.590000000000,0.914800000000
1500347442,2183.580000000000,0.227000000000
1500347442,2183.570000000000,0.227000000000
1500347442,2183.580000000000,0.227000000000
1500347443,2183.570000000000,0.092000000000
1500347443,2183.570000000000,0.227000000000
1500347621,2183.690000000000,0.085200000000
1500347622,2183.690000000000,0.194800000000
1500347630,2204.040000000000,1.000000000000
1500347709,2183.690000000000,0.032200000000
1500347709,2183.690000000000,0.227000000000
1500347709,2183.690000000000,0.098400000000
1500347711,2183.690000000000,0.006100000000
1500347711,2183.690000000000,0.128600000000
1500347712,2183.690000000000,0.220900000000
1500347712,2183.690000000000,0.117300000000
1500347712,2183.690000000000,0.109700000000
1500347713,2183.690000000000,0.227000000000
1500347713,2183.690000000000,0.098400000000
1500347728,2196.570000000000,0.023200000000
1500347728,2196.570000000000,0.012300000000
1500347729,2196.570000000000,0.000300000000
1500347729,2196.580000000000,0.500000000000
1500347729,2196.580000000000,0.227000000000
1500347730,2197.200000000000,0.010200000000
1500347730,2196.580000000000,0.227000000000
1500347810,2183.770000000000,0.085200000000
1500347811,2183.760000000000,0.228000000000
1500347811,2183.760000000000,0.227000000000
1500347811,2183.750000000000,0.227000000000
1500347811,2183.750000000000,0.227000000000
1500347812,2183.700000000000,0.200000000000
1500347812,2183.290000000000,0.227000000000
1500347812,2183.280000000000,0.227000000000
1500347812,2183.740000000000,0.227000000000
1500347813,2183.280000000000,0.124800000000
1500347830,2183.760000000000,0.227000000000
1500347830,2183.760000000000,0.227000000000
1500347831,2183.760000000000,0.228000000000
1500347831,2183.280000000000,0.102200000000
1500347831,2183.280000000000,0.227000000000
1500347832,2183.270000000000,0.227000000000
1500347832,2183.280000000000,0.227000000000
1500347832,2183.270000000000,0.227000000000
1500347832,2183.280000000000,0.227000000000
1500347833,2183.270000000000,0.080800000000
1500347972,2183.270000000000,0.000100000000
1500348064,2191.400000000000,1.400000000000
1500348064,2191.410000000000,0.500000000000
1500348064,2191.410000000000,0.087700000000
1500348064,2191.400000000000,0.012300000000
1500348245,2191.290000000000,0.012300000000
1500348245,2191.300000000000,0.227000000000
1500348245,2191.300000000000,0.227000000000
1500348246,2191.910000000000,0.069700000000
1500348246,2191.300000000000,0.227000000000
1500348246,2191.300000000000,0.098000000000
1500348246,2191.300000000000,0.139000000000
1500348285,2191.270000000000,0.227000000000
1500348285,2191.270000000000,0.012300000000
1500348285,2191.910000000000,0.155300000000
1500348286,2192.810000000000,0.050000000000
1500348286,2191.920000000000,0.227000000000
1500348286,2195.630000000000,0.500000000000
1500348287,2208.890000000000,0.500000000000
1500348287,2210.360000000000,0.023200000000
1500348287,2210.370000000000,0.080200000000
1500348287,2210.370000000000,0.225000000000
1500348511,2191.170000000000,0.227000000000
1500348512,2192.580000000000,0.050000000000
1500348512,2192.570000000000,0.012300000000
1500348512,2191.180000000000,0.227000000000
1500348513,2199.740000000000,0.500000000000
1500348513,2210.360000000000,0.023200000000
1500348513,2210.370000000000,0.144800000000
1500348514,2210.370000000000,0.225000000000
1500348514,2210.540000000000,0.365700000000
1500348514,2210.380000000000,0.225000000000
1500348568,2197.620000000000,0.012300000000
1500348568,2197.460000000000,0.500000000000
1500348568,2197.620000000000,0.023200000000
1500348569,2197.630000000000,1.464500000000
1500349080,2196.050000000000,2.000000000000
1500349084,2183.630000000000,0.228000000000
1500349084,2183.640000000000,0.085200000000
1500349085,2183.630000000000,0.228000000000
1500349085,2183.630000000000,0.228000000000
1500349085,2183.630000000000,0.228000000000
1500349086,2183.630000000000,0.228000000000
1500349086,2183.630000000000,0.227000000000
1500349086,2183.630000000000,0.227000000000
1500349087,2183.630000000000,0.228000000000
1500349087,2183.630000000000,0.092800000000
1500349108,2183.610000000000,0.227000000000
1500349108,2183.610000000000,0.228000000000
1500349108,2183.610000000000,0.228000000000
1500349109,2183.610000000000,0.228000000000
1500349109,2183.570000000000,0.227000000000
1500349109,2183.570000000000,0.227000000000
1500349109,2183.570000000000,0.227000000000
1500349110,2183.560000000000,0.228000000000
1500349110,2183.560000000000,0.180000000000
1500349129,2183.560000000000,0.048000000000
1500349129,2183.270000000000,0.146100000000
1500349129,2183.560000000000,0.228000000000
1500349130,2183.270000000000,0.227000000000
1500349130,2183.270000000000,0.227000000000
1500349130,2183.270000000000,0.227000000000
1500349131,2183.270000000000,0.227000000000
1500349131,2183.270000000000,0.227000000000
1500349131,2183.270000000000,0.227000000000
1500349132,2183.270000000000,0.215900000000
1500349170,2183.560000000000,0.227000000000
1500349170,2183.560000000000,0.228000000000
1500349170,2183.560000000000,0.045000000000
1500349176,2183.560000000000,0.182000000000
1500349177,2183.560000000000,0.228000000000
1500349177,2183.560000000000,0.067000000000
1500349178,2183.560000000000,0.018000000000
1500349204,2183.560000000000,0.022000000000
1500349323,2183.560000000000,0.031000000000
1500349329,2183.560000000000,0.090000000000
1500349329,2183.560000000000,0.228000000000
1500349330,2183.270000000000,0.011100000000
1500349330,2183.270000000000,0.170900000000
1500349334,2183.270000000000,0.018000000000
1500349340,2183.270000000000,0.038100000000
1500349340,2183.270000000000,0.227000000000
1500349341,2183.270000000000,0.227000000000
1500349341,2183.270000000000,0.007900000000
1500349377,2183.270000000000,0.219100000000
1500349377,2183.260000000000,0.048900000000
1500349384,2183.260000000000,0.002600000000
1500349411,2183.260000000000,0.148000000000
1500349480,2183.260000000000,0.012300000000
1500349490,2183.260000000000,0.012300000000
1500349499,2183.260000000000,0.009400000000
1500349499,2183.260000000000,0.002900000000
1500349501,2183.260000000000,0.217600000000
1500349502,2183.260000000000,0.195400000000
1500349509,2183.260000000000,0.012300000000
1500349509,2183.260000000000,0.019300000000
1500349529,2183.250000000000,0.012300000000
1500349537,2183.250000000000,0.012300000000
1500349539,2183.250000000000,0.023200000000
1500349545,2183.250000000000,0.012300000000
1500349546,2183.250000000000,0.023200000000
1500349555,2183.250000000000,0.012300000000
1500349556,2183.250000000000,0.023200000000
1500349562,2183.250000000000,0.021000000000
1500349565,2183.250000000000,0.012300000000
1500349565,2183.250000000000,0.023200000000
1500349573,2183.250000000000,0.012300000000
1500349574,2183.250000000000,0.023200000000
1500349576,2183.250000000000,0.016200000000
1500349577,2183.250000000000,0.059800000000
1500349583,2183.250000000000,0.012300000000
1500349584,2183.250000000000,0.023200000000
1500349592,2183.250000000000,0.012300000000
1500349593,2183.250000000000,0.023200000000
1500349601,2183.250000000000,0.012300000000
1500349602,2183.250000000000,0.023200000000
1500349611,2183.250000000000,0.012300000000
1500349612,2183.250000000000,0.023200000000
1500349620,2183.250000000000,0.012300000000
1500349621,2183.250000000000,0.012900000000
1500349621,2183.250000000000,0.010300000000
1500349629,2183.250000000000,0.012300000000
1500349630,2183.250000000000,0.023200000000
1500349638,2183.250000000000,0.012300000000
1500349639,2183.250000000000,0.023200000000
1500349644,2183.250000000000,0.001000000000
1500349648,2183.250000000000,0.012300000000
1500349649,2183.250000000000,0.023200000000
1500349657,2183.250000000000,0.109000000000
1500349658,2183.250000000000,0.000200000000
1500350329,2179.010000000000,0.012300000000
1500350329,2179.040000000000,0.058100000000
1500350329,2179.010000000000,0.023200000000
1500350482,2178.920000000000,0.016800000000
1500350482,2178.920000000000,0.023200000000
1500350591,2157.120000000000,0.112900000000
1500350591,2157.130000000000,0.086200000000
1500350695,2167.940000000000,0.023200000000
1500350695,2167.950000000000,0.042100000000
1500351114,2167.940000000000,0.228000000000
1500351114,2167.940000000000,0.228000000000
1500351115,2167.940000000000,0.227000000000
1500351115,2167.940000000000,0.090000000000
1500351115,2167.940000000000,0.227000000000
1500351117,2167.940000000000,0.228000000000
1500351117,2167.940000000000,0.121000000000
1500351118,2167.940000000000,0.127000000000
1500351118,2167.940000000000,0.228000000000
1500351118,2167.940000000000,0.227000000000
1500351119,2167.940000000000,0.228000000000
1500351151,2180.560000000000,0.023200000000
1500351151,2180.570000000000,0.261000000000
1500351151,2176.550000000000,0.040000000000
1500351459,2170.200000000000,0.085700000000
1500351460,2170.190000000000,0.227000000000
1500351460,2170.190000000000,0.229000000000
1500351460,2170.190000000000,0.227000000000
1500351460,2170.190000000000,0.091000000000
1500351461,2170.190000000000,0.227000000000
1500351461,2170.190000000000,0.228000000000
1500351461,2170.190000000000,0.229000000000
1500351462,2170.190000000000,0.229000000000
1500351462,2170.190000000000,0.229000000000
1500351462,2170.190000000000,0.228000000000
1500351463,2170.180000000000,0.229000000000
1500351463,2170.190000000000,0.227000000000
1500351463,2170.190000000000,0.229000000000
1500351464,2170.180000000000,0.229000000000
1500351464,2170.180000000000,0.226000000000
1500351464,2170.180000000000,0.227000000000
1500351464,2170.180000000000,0.228000000000
1500351465,2157.100000000000,0.228000000000
1500351465,2157.100000000000,0.230000000000
1500351465,2157.100000000000,0.230000000000
1500351466,2157.100000000000,0.230000000000
1500351466,2157.100000000000,0.230000000000
1500351466,2157.100000000000,0.230000000000
1500351467,2157.100000000000,0.229000000000
1500351467,2157.100000000000,0.230000000000
1500351467,2157.090000000000,0.230000000000
1500351468,2155.000000000000,0.186000000000
1500351468,2157.090000000000,0.230000000000
1500351719,2170.280000000000,0.083000000000
1500351757,2179.860000000000,0.228000000000
1500351757,2179.850000000000,0.012300000000
1500351757,2179.850000000000,0.000100000000
1500351758,2180.030000000000,0.097100000000
1500351758,2180.020000000000,0.023200000000
1500351817,2170.280000000000,0.227000000000
1500351817,2170.280000000000,0.144000000000
1500351818,2170.280000000000,0.008000000000
1500351972,2170.280000000000,0.199000000000
1500351972,2170.280000000000,0.218000000000
1500352068,2170.280000000000,0.029000000000
1500352068,2170.280000000000,0.228000000000
1500352220,2155.920000000000,0.008000000000
1500352248,2156.060000000000,0.050000000000
1500352281,2156.310000000000,0.042000000000
1500352448,2156.800000000000,0.053000000000
1500352586,2156.920000000000,0.086200000000
1500352586,2156.910000000000,0.199800000000
1500352662,2156.920000000000,0.011000000000
1500352747,2156.920000000000,0.218000000000
1500352748,2156.900000000000,0.100000000000
1500352800,2166.350000000000,0.023200000000
1500352800,2166.360000000000,0.076800000000
1500352811,2155.300000000000,0.000200000000
1500352811,2155.300000000000,0.120800000000
1500352815,2166.250000000000,0.925800000000
1500352815,2166.240000000000,0.023200000000
1500352837,2155.310000000000,0.086300000000
1500352837,2155.300000000000,0.117700000000
1500352853,2166.220000000000,0.023200000000
1500352854,2166.230000000000,0.076800000000
1500352891,2166.200000000000,0.023200000000
1500352892,2166.210000000000,0.149000000000
1500352892,2166.210000000000,0.027800000000
1500352923,2166.180000000000,0.023200000000
1500352924,2166.190000000000,0.199000000000
1500352924,2166.200000000000,0.227000000000
1500352924,2166.200000000000,0.150000000000
1500352925,2166.200000000000,0.228000000000
1500352931,2166.200000000000,0.130000000000
1500352932,2166.200000000000,0.184200000000
1500352932,2166.200000000000,0.042800000000
1500352933,2166.200000000000,0.115800000000
1500352933,2166.200000000000,0.111200000000
1500352956,2166.250000000000,0.074200000000
1500352956,2166.250000000000,0.226000000000
1500352957,2166.250000000000,0.227000000000
1500353096,2166.390000000000,0.015000000000
1500353122,2174.700000000000,0.000200000000
1500353122,2174.690000000000,0.012300000000
1500353123,2185.950000000000,0.023200000000
1500353123,2185.970000000000,0.017000000000
1500353129,2185.960000000000,0.012300000000
1500353130,2185.960000000000,0.023200000000
1500353130,2185.970000000000,0.195500000000
1500353183,2185.910000000000,0.012300000000
1500353184,2185.910000000000,0.004600000000
1500353301,2166.610000000000,0.085900000000
1500353301,2166.600000000000,0.226000000000
1500353301,2166.590000000000,0.009100000000
1500353306,2184.790000000000,0.023200000000
1500353306,2184.790000000000,0.012300000000
1500353307,2185.970000000000,0.065400000000
1500353461,2185.800000000000,0.012300000000
1500353462,2185.810000000000,0.023200000000
1500353463,2185.830000000000,0.226000000000
1500353463,2185.970000000000,0.722100000000
1500353463,2186.000000000000,3.051900000000
1500353473,2185.990000000000,0.012300000000
1500353473,2185.990000000000,0.023200000000
1500353474,2186.000000000000,0.964500000000
1500353478,2186.000000000000,1.595400000000
1500353479,2186.000000000000,0.200000000000
1500353493,2185.980000000000,0.012300000000
1500353493,2185.990000000000,0.023200000000
1500353494,2186.000000000000,4.000000000000
1500353495,2185.990000000000,0.100000000000
1500353499,2185.990000000000,0.023200000000
1500353501,2186.000000000000,1.000000000000
1500353502,2186.000000000000,4.000000000000
1500353506,2186.000000000000,0.188200000000
1500353519,2186.010000000000,0.085100000000
1500353520,2186.000000000000,1.914900000000
1500353535,2198.990000000000,0.012300000000
1500353535,2198.990000000000,0.023200000000
1500353536,2198.990000000000,0.023200000000
1500353542,2198.990000000000,0.881300000000
1500353542,2198.980000000000,1.000000000000
1500353548,2198.970000000000,0.012300000000
1500353548,2198.970000000000,0.023200000000
1500353548,2198.980000000000,0.118700000000
1500353549,2199.000000000000,0.845800000000
1500353570,2198.980000000000,0.023200000000
1500353570,2199.000000000000,0.976800000000
1500353576,2198.990000000000,0.023200000000
1500353577,2199.000000000000,0.377400000000
1500353577,2210.540000000000,0.012300000000
1500353578,2210.550000000000,0.587100000000
1500354053,2199.440000000000,0.084600000000
1500354054,2199.420000000000,0.189400000000
1500354054,2199.430000000000,0.215000000000
1500354054,2199.420000000000,0.223000000000
1500354153,2210.500000000000,0.012300000000
1500354168,2210.500000000000,0.012300000000
1500354169,2210.500000000000,0.023200000000
1500354216,2210.510000000000,0.146100000000
1500354279,2210.510000000000,0.042900000000
1500354279,2210.510000000000,0.223400000000
1500354493,2210.530000000000,0.023200000000
1500354493,2210.540000000000,0.176800000000
1500354501,2190.190000000000,0.015000000000
1500354615,2206.580000000000,0.023200000000
1500354616,2206.590000000000,0.044800000000
1500354985,2207.470000000000,0.023200000000
1500354985,2207.460000000000,0.012300000000
1500354987,2207.470000000000,0.023200000000
1500355131,2207.470000000000,0.185000000000
1500355172,2207.470000000000,0.012300000000
1500355200,2207.470000000000,0.012300000000
1500355284,2207.470000000000,0.000100000000
1500355287,2207.470000000000,0.018000000000
1500355293,2207.470000000000,0.012300000000
1500355294,2207.470000000000,0.001300000000
1500355294,2206.620000000000,0.016700000000
1500355344,2207.430000000000,0.012300000000
1500355344,2207.430000000000,0.014000000000
1500356850,2207.460000000000,0.023200000000
1500356885,2207.470000000000,0.046000000000
1500356893,2207.470000000000,0.012300000000
1500357219,2210.550000000000,0.084200000000
1500357227,2210.540000000000,0.012300000000
1500357229,2210.550000000000,0.084200000000
1500357237,2210.540000000000,0.012300000000
1500357238,2210.550000000000,0.084200000000
1500357247,2210.550000000000,0.084200000000
1500357257,2210.550000000000,0.076100000000
1500357301,2210.850000000000,0.976800000000
1500357301,2210.840000000000,0.023200000000
1500357325,2210.850000000000,0.023200000000
1500357357,2226.580000000000,0.023200000000
1500357363,2226.590000000000,0.976800000000
1500357363,2226.580000000000,0.023200000000
1500357370,2226.590000000000,0.023200000000
1500357384,2237.610000000000,0.222000000000
1500357384,2237.610000000000,0.311000000000
1500357384,2237.250000000000,0.050000000000
1500357385,2237.610000000000,0.221000000000
1500357385,2237.620000000000,0.221000000000
1500357385,2237.620000000000,0.312000000000
1500357386,2237.690000000000,0.441000000000
1500357386,2237.620000000000,0.222000000000
1500357402,2237.690000000000,0.559000000000
1500357417,2239.510000000000,0.023200000000
1500357433,2239.510000000000,0.023200000000
1500357446,2239.510000000000,0.023200000000
1500357446,2239.520000000000,0.026800000000
1500357450,2239.520000000000,0.023200000000
1500357462,2239.530000000000,0.072000000000
1500357505,2239.570000000000,0.083100000000
1500357506,2239.570000000000,0.097900000000
1500357556,2243.370000000000,0.000200000000
1500357609,2248.850000000000,0.040000000000
1500357610,2260.000000000000,0.012300000000
1500357610,2252.010000000000,0.000200000000
1500357611,2260.000000000000,0.018000000000
1500357615,2245.140000000000,0.021000000000
1500358000,2268.490000000000,0.012300000000
1500358001,2268.530000000000,0.096400000000
1500358785,2247.630000000000,0.000200000000
1500358786,2247.630000000000,0.222000000000
1500358786,2211.360000000000,0.084100000000
1500358786,2211.350000000000,0.050000000000
1500358787,2140.000000000000,5.000000000000
1500358787,2155.000000000000,4.814000000000
1500358787,2155.020000000000,2.330000000000
1500358788,2140.000000000000,0.500000000000
1500358789,2140.000000000000,0.049000000000
1500358789,2140.000000000000,0.500000000000
1500358790,2140.000000000000,0.189000000000
1500358790,2140.000000000000,0.010000000000
1500358791,2140.000000000000,1.490000000000
1500358791,2140.000000000000,0.010000000000
1500358792,2139.990000000000,0.012300000000
1500358793,2140.000000000000,0.023200000000
1500358793,2140.000000000000,0.120100000000
1500358920,2243.090000000000,0.023200000000
1500358920,2243.090000000000,0.012300000000
1500358927,2241.970000000000,0.010000000000
1500358928,2243.100000000000,0.218000000000
1500358928,2243.080000000000,0.023200000000
1500358930,2243.100000000000,0.012300000000
1500358931,2243.100000000000,0.658500000000
1500358941,2243.090000000000,0.023200000000
1500358941,2243.080000000000,0.012300000000
1500358942,2243.100000000000,0.064500000000
1500358948,2243.090000000000,0.012300000000
1500358951,2243.090000000000,0.010900000000
1500358952,2243.100000000000,1.987700000000
1500358952,2243.090000000000,0.012300000000
1500358954,2243.100000000000,0.022300000000
1500358956,2243.110000000000,0.217000000000
1500358974,2245.960000000000,0.040000000000
1500358974,2245.960000000000,0.219000000000
1500358982,2247.720000000000,0.500000000000
1500358996,2260.490000000000,0.023200000000
1500358997,2267.860000000000,0.000200000000
1500358997,2267.820000000000,0.012300000000
1500358997,2260.500000000000,0.040000000000
1500358998,2268.250000000000,0.024300000000
1500358999,2268.250000000000,0.100000000000
1500359013,2255.570000000000,0.018000000000
1500359095,2246.210000000000,0.082800000000
1500359095,2246.310000000000,0.000200000000
1500359096,2246.200000000000,4.000000000000
1500359096,2246.200000000000,0.218000000000
1500359096,2246.200000000000,0.819000000000
1500359265,2263.250000000000,0.023200000000
1500359266,2263.260000000000,0.194800000000
1500359422,2246.350000000000,0.085200000000
1500359422,2246.350000000000,0.218000000000
1500359422,2246.350000000000,0.082800000000
1500359863,2246.590000000000,0.082800000000
1500359863,2246.580000000000,0.015200000000
1500360154,2258.370000000000,0.012300000000
1500360154,2258.370000000000,0.023200000000
1500360155,2258.380000000000,0.218000000000
1500360155,2258.400000000000,0.085000000000
1500360160,2258.420000000000,0.023000000000
1500360161,2258.420000000000,0.029000000000
1500360165,2258.420000000000,0.029000000000
1500360168,2258.470000000000,0.010700000000
1500360228,2258.420000000000,1.000000000000
1500360410,2258.420000000000,0.161000000000
1500360417,2257.490000000000,0.161000000000
1500360417,2258.420000000000,1.419500000000
1500361281,2258.600000000000,0.022300000000
1500361464,2258.430000000000,0.023200000000
1500361464,2258.440000000000,0.022000000000
1500361508,2258.410000000000,0.023200000000
1500361518,2258.400000000000,0.023200000000
1500361519,2258.410000000000,0.219000000000
1500361525,2258.430000000000,0.021600000000
1500361527,2258.430000000000,0.196000000000
1500361528,2258.430000000000,0.023000000000
1500361535,2258.430000000000,0.082400000000
1500361553,2258.410000000000,0.023200000000
1500361562,2258.410000000000,0.023200000000
1500361571,2258.410000000000,0.023200000000
1500361581,2258.410000000000,0.023200000000
1500361586,2258.420000000000,0.021200000000
1500361590,2258.420000000000,0.082400000000
1500361598,2258.420000000000,0.218000000000
1500361598,2258.420000000000,0.115400000000
1500361599,2258.420000000000,0.216000000000
1500361599,2258.420000000000,0.197000000000
1500361599,2258.420000000000,0.218000000000
1500361600,2258.420000000000,0.035600000000
1500361601,2258.420000000000,0.082400000000
1500361609,2258.420000000000,0.017000000000
1500361610,2258.420000000000,0.065400000000
1500361618,2258.420000000000,0.082400000000
1500361621,2258.420000000000,0.068200000000
1500361622,2258.420000000000,0.194000000000
1500361990,2258.440000000000,0.000100000000
1500362303,2266.530000000000,0.000200000000
1500363031,2260.010000000000,0.000200000000
1500363031,2259.910000000000,0.000400000000
1500363106,2277.970000000000,0.022100000000
1500363259,2259.920000000000,1.000000000000
1500363269,2259.930000000000,1.000000000000
1500363285,2259.930000000000,0.950000000000
1500363285,2259.930000000000,0.050000000000
