1443055867,230.240000000000,0.050000000000
1443055867,230.330000000000,0.050000000000
1443055873,230.220000000000,1.960000000000
1443055876,230.220000000000,0.997200000000
1443055960,230.690000000000,6.900000000000
1443055960,230.550000000000,0.050000000000
1443056037,230.530000000000,6.868000000000
1443056084,230.690000000000,0.050000000000
1443056084,230.750000000000,0.050000000000
1443056100,230.350000000000,0.050000000000
1443056100,230.310000000000,30.000000000000
1443056147,230.680000000000,6.886000000000
1443056147,230.690000000000,30.000000000000
1443056193,230.800000000000,0.050000000000
1443056194,230.750000000000,4.000000000000
1443056194,230.610000000000,6.817000000000
1443056197,230.520000000000,5.000000000000
1443056198,230.440000000000,30.000000000000
1443056222,230.520000000000,4.140000000000
1443056236,230.610000000000,4.850000000000
1443056254,230.610000000000,5.000000000000
1443056282,230.610000000000,4.990000000000
1443056288,230.510000000000,0.050000000000
1443056288,230.550000000000,6.836000000000
1443056289,230.420000000000,6.910000000000
1443056289,230.410000000000,0.050000000000
1443056289,230.450000000000,5.344000000000
1443056321,230.480000000000,5.000000000000
1443056340,230.430000000000,4.400000000000
1443056368,230.340000000000,4.440000000000
1443056397,230.540000000000,3.402000000000
1443056398,230.610000000000,1.038000000000
1443056412,230.580000000000,2.990000000000
1443056446,230.570000000000,5.000000000000
1443056504,230.590000000000,5.000000000000
1443056575,230.610000000000,5.000000000000
1443056600,230.540000000000,5.000000000000
1443056618,230.540000000000,5.000000000000
1443056657,230.540000000000,5.000000000000
1443056682,230.540000000000,5.000000000000
1443056717,230.540000000000,5.000000000000
1443056730,230.550000000000,5.000000000000
1443056746,230.390000000000,6.814000000000
1443056761,230.470000000000,5.000000000000
1443056789,230.430000000000,5.000000000000
1443056813,230.350000000000,5.000000000000
1443056848,230.590000000000,3.800000000000
1443056864,230.530000000000,5.000000000000
1443056886,230.550000000000,4.890000000000
1443056900,230.600000000000,5.000000000000
1443056932,230.610000000000,4.390000000000
1443056944,230.610000000000,4.600000000000
1443056963,230.610000000000,4.050000000000
1443056976,230.610000000000,3.840000000000
1443056997,230.590000000000,3.250000000000
1443057012,230.610000000000,4.690000000000
1443057037,230.610000000000,3.710000000000
1443057044,230.610000000000,53.842000000000
1443057292,230.880000000000,3.321000000000
1443057292,230.890000000000,30.000000000000
1443057292,230.880000000000,4.330000000000
1443057295,230.950000000000,1.960000000000
1443057296,230.860000000000,1.960000000000
1443057338,230.900000000000,6.915000000000
1443057339,230.690000000000,30.000000000000
1443057339,230.610000000000,3.158000000000
1443057359,230.630000000000,5.000000000000
1443057396,230.690000000000,0.500000000000
1443057424,230.680000000000,0.200000000000
1443057597,230.680000000000,6.891000000000
1443057598,230.710000000000,3.318000000000
1443057604,230.810000000000,9.922000000000
1443057644,230.450000000000,4.655000000000
1443057644,230.610000000000,6.889000000000
1443057686,230.500000000000,0.020000000000
1443057722,230.500000000000,0.010000000000
1443057753,230.390000000000,6.886000000000
1443057762,230.320000000000,5.000000000000
1443057763,230.500000000000,48.000000000000
1443057769,230.510000000000,5.000000000000
1443057788,230.370000000000,5.000000000000
1443057820,230.330000000000,5.000000000000
1443057851,230.540000000000,2.640000000000
1443057878,230.540000000000,3.790000000000
1443057900,230.470000000000,4.370000000000
1443057922,230.440000000000,5.000000000000
1443057957,230.370000000000,5.000000000000
1443058013,230.470000000000,5.000000000000
1443058235,230.530000000000,41.181000000000
1443058235,230.540000000000,6.819000000000
1443058285,230.800000000000,6.874000000000
1443058286,230.810000000000,30.000000000000
1443058461,230.840000000000,6.850000000000
1443058470,230.870000000000,5.385400000000
1443058481,230.910000000000,5.385400000000
1443058515,230.570000000000,1.960000000000
1443058517,230.490000000000,48.000000000000
1443058517,230.490000000000,1.960000000000
1443058518,230.460000000000,5.000000000000
1443058596,230.530000000000,5.385400000000
1443058924,230.520000000000,41.101000000000
1443058924,230.530000000000,6.899000000000
1443059542,230.220000000000,48.000000000000
1443059558,230.350000000000,48.000000000000
1443059558,230.530000000000,6.869000000000
1443059558,230.610000000000,30.000000000000
1443059589,230.570000000000,0.050000000000
1443060135,230.520000000000,0.010000000000
1443060402,230.770000000000,0.220000000000
1443060907,231.030000000000,5.000000000000
1443060908,231.030000000000,1.883000000000
1443060909,231.020000000000,0.053700000000
1443060909,230.770000000000,0.023300000000
1443061263,231.010000000000,5.000000000000
1443061274,231.010000000000,5.000000000000
1443061284,231.000000000000,5.000000000000
1443061292,231.050000000000,5.000000000000
1443061304,231.050000000000,5.000000000000
1443061318,231.040000000000,5.000000000000
1443061328,231.080000000000,5.000000000000
1443061336,231.100000000000,3.160000000000
1443061345,231.100000000000,0.250000000000
1443061355,231.100000000000,60.000000000000
1443061358,231.090000000000,0.870000000000
1443061366,231.090000000000,0.180000000000
1443061388,231.100000000000,0.240000000000
1443061398,231.090000000000,0.090000000000
1443061408,231.090000000000,0.810000000000
1443061422,231.090000000000,0.210000000000
1443061494,230.940000000000,0.060000000000
1443061509,230.940000000000,0.060000000000
1443061534,230.930000000000,0.120000000000
1443061554,230.930000000000,0.060000000000
1443061570,230.930000000000,1.070000000000
1443061595,231.010000000000,0.180000000000
1443061621,231.010000000000,0.180000000000
1443061631,231.010000000000,0.250000000000
1443061641,231.000000000000,1.340000000000
1443061650,230.910000000000,0.060000000000
1443061714,230.900000000000,0.060000000000
1443061740,230.900000000000,6.799000000000
1443061854,230.800000000000,1.000000000000
1443061911,230.800000000000,0.060000000000
1443061945,230.800000000000,0.060000000000
1443061953,230.800000000000,0.465400000000
1443061969,230.800000000000,1.150000000000
1443062396,230.640000000000,1.960000000000
1443062754,230.810000000000,0.010000000000
1443062797,230.810000000000,0.010000000000
1443063039,231.030000000000,0.060000000000
1443063046,231.030000000000,1.960000000000
1443063047,231.030000000000,1.960000000000
1443063049,231.030000000000,0.120000000000
1443063062,231.030000000000,0.380000000000
1443063081,231.030000000000,0.120000000000
1443063099,231.040000000000,0.130000000000
1443063116,231.030000000000,0.060000000000
1443063127,231.030000000000,0.060000000000
1443063143,231.030000000000,0.060000000000
1443063177,231.030000000000,0.060000000000
1443063188,231.030000000000,0.060000000000
1443063211,231.030000000000,0.320000000000
1443063241,231.030000000000,1.780000000000
1443063280,231.050000000000,0.400000000000
1443063576,231.040000000000,0.220000000000
1443063700,231.040000000000,0.310000000000
1443063863,231.050000000000,7.754500000000
1443063937,231.040000000000,7.247000000000
1443063941,230.810000000000,1.960000000000
1443063941,230.810000000000,1.960000000000
1443063953,230.810000000000,48.000000000000
1443063954,230.800000000000,20.000000000000
1443063998,231.040000000000,6.834000000000
1443063998,231.050000000000,11.845500000000
1443064014,230.920000000000,6.812000000000
1443064014,230.910000000000,1.188000000000
1443064017,231.010000000000,1.000000000000
1443064023,231.010000000000,39.000000000000
1443064144,230.840000000000,48.000000000000
1443064205,230.840000000000,1.000000000000
1443064218,230.840000000000,1.000000000000
1443064227,230.840000000000,1.000000000000
1443064231,230.820000000000,1.000000000000
1443064329,230.820000000000,1.000000000000
1443064336,230.890000000000,43.000000000000
1443064453,230.700000000000,7.206200000000
1443066392,231.010000000000,6.806000000000
1443066423,230.830000000000,30.000000000000
1443066423,230.890000000000,6.890000000000
1443066469,231.050000000000,5.193000000000
1443066469,231.040000000000,6.868000000000
1443066607,230.870000000000,6.881000000000
1443066618,230.800000000000,6.892000000000
1443066682,230.890000000000,6.820000000000
1443066682,230.900000000000,1.180000000000
1443066689,230.900000000000,1.000000000000
1443066702,230.780000000000,36.000000000000
1443066703,230.760000000000,6.858000000000
1443066755,230.930000000000,1.000000000000
1443066759,230.930000000000,1.000000000000
1443066762,231.130000000000,0.050000000000
1443066762,231.040000000000,0.050000000000
1443066886,230.970000000000,6.821000000000
1443066887,231.140000000000,30.000000000000
1443066892,231.000000000000,43.000000000000
1443066933,231.120000000000,30.000000000000
1443066954,231.050000000000,1.115000000000
1443066954,231.040000000000,6.885000000000
1443066959,231.050000000000,1.000000000000
1443066968,231.050000000000,1.000000000000
1443066989,230.970000000000,38.000000000000
1443067031,230.840000000000,5.379500000000
1443067038,230.840000000000,4.000000000000
1443067065,231.130000000000,0.050000000000
1443067078,231.100000000000,1.124000000000
1443067078,231.110000000000,6.876000000000
1443067086,231.240000000000,30.050000000000
1443067087,230.960000000000,3.837000000000
1443067087,230.980000000000,30.000000000000
1443067104,230.940000000000,38.000000000000
1443067150,231.230000000000,30.000000000000
1443067150,231.220000000000,6.824000000000
1443067158,231.150000000000,1.000000000000
1443067162,231.150000000000,1.000000000000
1443067172,231.280000000000,1.000000000000
1443067176,231.280000000000,45.000000000000
1443067212,231.130000000000,6.839000000000
1443067212,231.040000000000,30.000000000000
1443067223,231.070000000000,48.000000000000
1443067274,231.090000000000,30.000000000000
1443067274,231.080000000000,6.842000000000
1443067281,231.300000000000,48.000000000000
1443067290,231.310000000000,0.269400000000
1443067336,231.150000000000,30.000000000000
1443067362,230.950000000000,41.105000000000
1443067362,230.930000000000,6.895000000000
1443067918,231.180000000000,0.050000000000
1443067918,231.130000000000,0.050000000000
1443067940,231.060000000000,0.050000000000
1443067940,230.930000000000,6.839000000000
1443068628,230.690000000000,1.000000000000
1443068634,230.800000000000,0.050000000000
1443068634,230.900000000000,0.050000000000
1443068634,230.690000000000,1.000000000000
1443068645,230.990000000000,45.900000000000
1443068739,231.020000000000,0.050000000000
1443069071,231.140000000000,1.200000000000
1443069138,231.140000000000,0.750000000000
1443069217,231.140000000000,0.119000000000
1443070007,231.090000000000,6.885000000000
1443070159,231.080000000000,1.960000000000
1443070212,231.080000000000,6.849000000000
1443070263,231.100000000000,1.960000000000
1443070287,231.100000000000,1.465000000000
1443070287,231.090000000000,6.894000000000
1443070341,231.100000000000,8.520000000000
1443070342,231.100000000000,8.055000000000
1443070527,231.360000000000,0.914100000000
1443070527,231.360000000000,6.785000000000
1443070532,231.360000000000,5.000000000000
1443070533,231.500000000000,0.612600000000
1443070533,231.490000000000,100.000000000000
1443070618,231.500000000000,7.474900000000
1443070633,231.460000000000,1.960000000000
1443070634,231.460000000000,1.960000000000
1443070704,231.490000000000,6.827000000000
1443070989,231.500000000000,16.912500000000
1443071283,231.720000000000,0.030000000000
1443071299,231.720000000000,0.003300000000
1443071299,231.800000000000,4.996700000000
1443071307,231.800000000000,48.437200000000
1443071308,232.220000000000,4.700000000000
1443071308,232.200000000000,0.300000000000
1443071414,231.990000000000,5.000000000000
1443071419,231.950000000000,1.960000000000
1443071421,232.100000000000,1.000000000000
1443071421,231.940000000000,0.960000000000
1443071422,232.100000000000,0.960000000000
1443071444,232.010000000000,5.000000000000
1443071451,232.360000000000,5.000000000000
1443071466,231.950000000000,30.000000000000
1443071469,231.960000000000,5.000000000000
1443071478,232.060000000000,5.000000000000
1443071488,232.130000000000,5.000000000000
1443071496,232.080000000000,5.000000000000
1443071503,232.100000000000,5.000000000000
1443071532,232.380000000000,5.000000000000
1443071548,232.400000000000,3.490000000000
1443071556,232.480000000000,5.000000000000
1443071564,232.430000000000,5.000000000000
1443071571,232.510000000000,0.150000000000
1443071580,232.510000000000,0.050000000000
1443071587,232.510000000000,5.000000000000
1443071588,232.370000000000,30.000000000000
1443071596,232.470000000000,5.000000000000
1443071607,232.480000000000,5.000000000000
1443071615,232.360000000000,5.000000000000
1443071626,232.370000000000,5.000000000000
1443071633,232.540000000000,5.000000000000
1443071722,232.420000000000,6.789000000000
1443071769,232.420000000000,5.000000000000
1443071778,232.410000000000,30.000000000000
1443071783,232.440000000000,0.060000000000
1443071784,232.450000000000,0.920000000000
1443071809,232.450000000000,6.845000000000
1443071845,232.220000000000,3.490000000000
1443071879,232.200000000000,5.000000000000
1443071890,232.220000000000,3.180000000000
1443072738,232.100000000000,0.200000000000
1443072767,232.080000000000,0.200000000000
1443073239,231.930000000000,28.120000000000
1443073239,231.950000000000,1.880000000000
1443073244,231.670000000000,1.820000000000
1443073326,231.670000000000,6.832000000000
1443074505,231.870000000000,30.000000000000
1443074505,231.860000000000,6.863000000000
1443074511,232.420000000000,30.330000000000
1443074520,232.430000000000,5.000000000000
1443074521,232.560000000000,0.043000000000
1443074529,232.320000000000,3.555000000000
1443074529,232.230000000000,1.445000000000
1443075033,232.430000000000,0.010000000000
1443075062,232.430000000000,0.040000000000
1443075096,232.430000000000,0.050000000000
1443075316,232.330000000000,0.050000000000
1443076309,232.350000000000,1.960000000000
1443076309,232.350000000000,1.960000000000
1443076425,232.500000000000,6.781000000000
1443077025,232.500000000000,1.960000000000
1443077026,232.500000000000,1.960000000000
1443077141,232.490000000000,6.788000000000
1443077142,232.490000000000,23.430000000000
1443077143,232.490000000000,0.110000000000
1443077229,232.480000000000,1.959100000000
1443077229,232.480000000000,0.000900000000
1443077232,232.290000000000,1.960000000000
1443077604,232.220000000000,1.960000000000
1443077606,232.310000000000,1.960000000000
1443077609,232.450000000000,3.599700000000
1443077609,232.310000000000,84.584000000000
1443077609,232.440000000000,6.803000000000
1443077610,232.670000000000,2.166900000000
1443077610,232.620000000000,6.808000000000
1443077610,232.630000000000,0.038400000000
1443077737,232.330000000000,1.960000000000
1443078126,232.270000000000,4.458000000000
1443078126,232.280000000000,3.242000000000
1443078259,232.090000000000,0.060000000000
1443078348,232.140000000000,6.873000000000
1443078355,232.260000000000,0.680000000000
1443078357,232.300000000000,7.700000000000
1443078357,232.260000000000,1.960000000000
1443078363,232.320000000000,2.910000000000
1443078379,232.070000000000,6.852000000000
1443078387,232.140000000000,0.290000000000
1443078407,232.140000000000,0.060000000000
1443078437,232.140000000000,0.060000000000
1443078578,231.740000000000,30.000000000000
1443078578,231.750000000000,37.700000000000
1443078594,231.820000000000,6.832000000000
1443078595,232.070000000000,30.000000000000
1443078672,231.820000000000,30.000000000000
1443078672,232.060000000000,6.819000000000
1443078781,231.730000000000,6.836000000000
1443078785,231.640000000000,1.000000000000
1443078796,231.600000000000,30.000000000000
1443078803,231.640000000000,5.000000000000
1443078819,231.670000000000,0.200000000000
1443078827,231.810000000000,6.867000000000
1443078830,231.870000000000,30.000000000000
1443078888,231.840000000000,99.721800000000
1443078935,231.710000000000,0.050000000000
1443079573,231.450000000000,0.050000000000
1443079573,231.530000000000,6.810000000000
1443079574,231.610000000000,0.050000000000
1443079578,231.390000000000,0.200000000000
1443079589,231.710000000000,30.000000000000
1443079589,231.710000000000,0.050000000000
1443079589,231.640000000000,0.050000000000
1443080225,231.370000000000,0.050000000000
1443080301,231.400000000000,0.050000000000
1443080359,231.420000000000,0.050000000000
1443080432,231.430000000000,0.050000000000
1443080451,231.490000000000,0.050000000000
1443080451,231.460000000000,0.050000000000
1443080608,231.610000000000,0.050000000000
1443081315,231.560000000000,6.779000000000
1443081339,231.370000000000,1.960000000000
1443081341,231.430000000000,0.260000000000
1443081389,231.430000000000,1.960000000000
1443081413,231.450000000000,1.390000000000
1443081509,231.450000000000,0.320000000000
1443082585,231.510000000000,6.867000000000
1443082586,231.520000000000,30.000000000000
1443082640,231.540000000000,13.133000000000
1443082641,231.350000000000,6.841000000000
1443082641,231.340000000000,0.250000000000
1443082644,231.180000000000,6.824000000000
1443082644,231.170000000000,1.665200000000
1443082644,231.170000000000,30.000000000000
1443082839,231.040000000000,0.770000000000
1443082915,231.310000000000,1.960000000000
1443082916,231.310000000000,1.960000000000
1443083191,231.320000000000,6.819000000000
1443083230,231.170000000000,0.050000000000
1443083255,231.210000000000,0.050000000000
1443083477,231.070000000000,0.050000000000
1443083690,231.210000000000,0.050000000000
1443083690,231.110000000000,0.050000000000
1443083690,231.070000000000,0.050000000000
1443083961,231.270000000000,0.050000000000
1443084282,231.260000000000,1.000000000000
1443084327,231.250000000000,30.000000000000
1443084383,231.360000000000,0.050000000000
1443084384,231.390000000000,0.050000000000
1443084384,231.390000000000,1.600000000000
1443085445,230.980000000000,1.960000000000
1443085446,230.980000000000,1.960000000000
1443085512,230.950000000000,20.000000000000
1443085553,230.980000000000,0.871800000000
1443085987,231.400000000000,1.530000000000
1443087052,230.860000000000,6.862000000000
1443087683,230.980000000000,0.050000000000
1443087765,231.000000000000,6.865000000000
1443087769,230.660000000000,0.050000000000
1443088117,230.640000000000,0.050000000000
1443088117,230.610000000000,0.050000000000
1443088370,230.730000000000,30.000000000000
1443088370,230.730000000000,6.600000000000
1443088413,230.760000000000,0.050000000000
1443088665,230.790000000000,0.050000000000
1443088665,230.820000000000,0.050000000000
1443088709,230.870000000000,0.050000000000
1443088733,230.980000000000,0.050000000000
1443088733,231.010000000000,0.050000000000
1443089440,230.840000000000,6.832000000000
1443090035,230.920000000000,0.050000000000
1443090106,230.920000000000,0.050000000000
1443090139,230.880000000000,0.050000000000
1443090277,231.060000000000,6.851000000000
1443090277,230.940000000000,0.050000000000
1443090322,231.130000000000,6.811000000000
1443090322,231.070000000000,30.000000000000
1443090322,231.060000000000,1.960000000000
1443090323,230.920000000000,1.960000000000
1443092363,231.150000000000,8.750500000000
1443092446,231.150000000000,1.960000000000
1443092447,231.150000000000,1.960000000000
1443092505,231.140000000000,1.960000000000
1443092527,231.150000000000,1.960000000000
1443092618,231.140000000000,1.960000000000
1443092631,231.130000000000,1.960000000000
1443093412,231.150000000000,1.960000000000
1443093412,231.150000000000,1.960000000000
1443093459,231.140000000000,1.960000000000
1443093460,231.140000000000,1.080000000000
1443093460,231.130000000000,0.880000000000
1443093543,231.140000000000,1.960000000000
1443093640,231.130000000000,1.960000000000
1443094128,231.020000000000,0.940000000000
1443094135,231.150000000000,6.449500000000
1443094569,231.760000000000,0.050000000000
1443094611,231.670000000000,0.050000000000
1443094611,231.350000000000,6.888000000000
1443094733,231.350000000000,0.050000000000
1443094733,231.310000000000,0.050000000000
1443095066,231.690000000000,0.050000000000
1443095066,231.740000000000,0.050000000000
1443095073,231.220000000000,0.050000000000
1443095074,231.190000000000,1.480000000000
1443095076,231.350000000000,1.960000000000
1443095246,231.570000000000,0.050000000000
1443095246,231.470000000000,0.050000000000
1443095251,231.300000000000,1.960000000000
1443095254,231.380000000000,0.050000000000
1443095526,231.750000000000,0.050000000000
1443095527,231.710000000000,0.050000000000
1443095527,231.620000000000,0.050000000000
1443095891,231.770000000000,0.050000000000
1443095892,231.740000000000,0.050000000000
1443096059,231.670000000000,0.050000000000
1443096059,231.710000000000,0.050000000000
1443096259,231.720000000000,0.050000000000
1443096260,231.610000000000,0.050000000000
1443096260,231.680000000000,0.050000000000
1443096327,231.590000000000,0.050000000000
1443096576,231.610000000000,0.050000000000
1443096577,231.570000000000,0.050000000000
1443096879,231.450000000000,10.049000000000
1443097214,231.950000000000,0.162500000000
1443097215,231.960000000000,74.556300000000
1443097221,231.960000000000,1.960000000000
1443097221,231.960000000000,1.960000000000
1443097239,231.960000000000,9.044000000000
1443097245,231.960000000000,7.247000000000
1443097345,231.960000000000,5.070200000000
1443097928,231.940000000000,30.000000000000
1443099046,232.200000000000,0.050000000000
1443099046,232.230000000000,0.050000000000
1443099113,232.140000000000,0.050000000000
1443099141,232.050000000000,0.050000000000
1443099172,232.110000000000,6.819000000000
1443101101,232.170000000000,0.010000000000
1443101111,232.170000000000,108.568400000000
1443101135,232.150000000000,0.010000000000
1443101135,232.200000000000,104.209700000000
1443101156,232.150000000000,0.010000000000
1443101186,232.150000000000,0.010000000000
1443101321,232.150000000000,0.130000000000
1443101387,232.150000000000,99.687200000000
1443101387,232.150000000000,0.312800000000
1443101805,232.180000000000,0.010000000000
1443101820,232.180000000000,0.010000000000
1443102045,232.180000000000,0.010000000000
1443102072,232.220000000000,0.050000000000
1443102073,232.250000000000,7.278000000000
1443102133,232.180000000000,0.010000000000
1443102162,232.180000000000,1.330000000000
1443102365,232.410000000000,0.010000000000
1443102421,232.430000000000,0.208100000000
1443102421,232.620000000000,2.791900000000
1443102645,232.550000000000,0.050000000000
1443102658,232.410000000000,0.030000000000
1443102683,232.410000000000,0.080000000000
1443102878,232.410000000000,1.470000000000
1443102922,232.670000000000,2.550000000000
1443102935,232.690000000000,10.000000000000
1443103767,232.340000000000,0.010000000000
1443103791,232.340000000000,0.010000000000
1443104114,232.610000000000,0.110000000000
1443104552,232.340000000000,0.010000000000
1443104600,232.340000000000,0.010000000000
1443104647,232.340000000000,0.010000000000
1443104786,232.340000000000,0.010000000000
1443105149,232.340000000000,0.010000000000
1443105282,232.340000000000,0.010000000000
1443105543,232.350000000000,2.502900000000
1443105614,232.360000000000,0.010000000000
1443105637,232.360000000000,0.010000000000
1443105802,232.360000000000,0.020000000000
1443105844,232.580000000000,5.379000000000
1443105984,232.360000000000,0.100000000000
1443106187,232.390000000000,0.010000000000
1443106243,232.360000000000,0.820000000000
1443106365,232.380000000000,2.530000000000
1443106365,232.340000000000,24.920000000000
1443106365,232.360000000000,30.000000000000
1443106366,232.340000000000,59.957200000000
1443106796,232.570000000000,0.200000000000
1443106908,232.570000000000,0.010000000000
1443107065,232.570000000000,0.150000000000
1443107553,232.550000000000,6.808000000000
1443107553,232.570000000000,91.957900000000
1443107554,232.510000000000,1.234100000000
1443108011,232.980000000000,16.000000000000
1443108011,232.830000000000,91.333400000000
1443108011,232.990000000000,100.000000000000
1443108012,232.990000000000,2.666600000000
1443108490,233.020000000000,0.250800000000
1443108651,233.240000000000,7.863000000000
1443108696,232.810000000000,3.494400000000
1443108696,232.840000000000,6.841000000000
1443108696,232.950000000000,89.664600000000
1443108713,233.020000000000,18.590000000000
1443108718,232.990000000000,1.960000000000
1443108719,232.990000000000,1.960000000000
1443108821,232.990000000000,7.533100000000
1443108892,232.990000000000,0.085200000000
1443109036,232.990000000000,69.871700000000
1443109073,232.990000000000,0.090000000000
1443109083,232.990000000000,0.090000000000
1443109137,233.000000000000,0.090000000000
1443109186,233.150000000000,5.000000000000
1443110076,233.330000000000,0.211100000000
1443110186,233.330000000000,1.910000000000
1443110630,233.330000000000,4.878900000000
1443111006,232.770000000000,70.336200000000
1443111006,232.820000000000,30.000000000000
1443111006,233.120000000000,69.663800000000
1443111056,233.130000000000,6.796000000000
1443111056,233.220000000000,123.623700000000
1443111056,232.870000000000,92.806500000000
1443111057,233.220000000000,26.773800000000
1443111057,233.220000000000,30.000000000000
1443111109,233.050000000000,64.000000000000
1443111279,233.130000000000,1.880000000000
1443111819,233.140000000000,0.010000000000
1443111882,233.390000000000,0.177800000000
1443111882,233.300000000000,10.000000000000
1443111883,233.400000000000,30.320000000000
1443111883,233.400000000000,0.200000000000
1443111885,233.380000000000,0.150000000000
1443111888,233.380000000000,0.010000000000
1443112038,233.620000000000,5.000000000000
1443112064,233.660000000000,0.010000000000
1443112179,233.530000000000,0.149200000000
1443112420,233.880000000000,6.749000000000
1443112420,233.660000000000,0.127000000000
1443112420,233.890000000000,30.000000000000
1443112433,233.910000000000,0.010000000000
1443112539,233.990000000000,16.500000000000
1443112591,233.990000000000,83.500000000000
1443112597,234.100000000000,0.150000000000
1443112700,234.100000000000,0.250000000000
1443112749,234.100000000000,0.500000000000
1443112859,234.100000000000,0.250000000000
1443112871,234.100000000000,0.350000000000
1443112901,234.100000000000,0.010000000000
1443112941,234.100000000000,0.780000000000
1443113035,234.090000000000,6.730000000000
1443113036,234.100000000000,10.000000000000
1443113036,234.200000000000,0.106300000000
1443113037,234.580000000000,4.840000000000
1443113037,234.270000000000,88.056300000000
1443113037,234.260000000000,6.766000000000
1443113038,234.700000000000,81.501400000000
1443113038,234.700000000000,202.000000000000
1443113047,234.210000000000,5.000000000000
1443113057,234.140000000000,5.000000000000
1443113067,234.250000000000,5.000000000000
1443113083,233.920000000000,5.000000000000
1443113100,233.850000000000,5.000000000000
1443113133,234.290000000000,5.000000000000
1443113134,234.400000000000,3.749000000000
1443113142,234.240000000000,5.000000000000
1443113153,234.260000000000,5.000000000000
1443113163,234.270000000000,5.000000000000
1443113173,234.240000000000,5.000000000000
1443113183,234.210000000000,5.000000000000
1443113199,234.370000000000,5.000000000000
1443113203,234.570000000000,6.000000000000
1443113226,234.200000000000,5.000000000000
1443113235,234.260000000000,5.000000000000
1443113304,234.130000000000,0.088900000000
1443113313,234.280000000000,5.000000000000
1443113321,234.220000000000,5.000000000000
1443113338,234.150000000000,5.000000000000
1443113345,234.290000000000,5.000000000000
1443113355,234.270000000000,5.000000000000
1443113371,234.130000000000,3.060000000000
1443113385,234.220000000000,0.020000000000
1443113397,234.220000000000,0.360000000000
1443113421,234.220000000000,3.190000000000
1443113459,234.120000000000,0.050000000000
1443113472,234.120000000000,1.750000000000
1443113517,234.150000000000,0.250000000000
1443113563,234.000000000000,5.135800000000
1443113563,234.150000000000,94.864200000000
1443113572,234.000000000000,9.328200000000
1443113572,234.020000000000,90.671800000000
1443113573,234.400000000000,6.768000000000
1443113573,234.570000000000,6.767000000000
1443113573,234.330000000000,93.325600000000
1443113574,234.580000000000,4.235000000000
1443113574,234.700000000000,124.346000000000
1443113574,234.700000000000,74.040200000000
1443113574,234.700000000000,90.518200000000
1443113586,234.290000000000,6.775000000000
1443113586,234.280000000000,93.225000000000
1443113595,234.160000000000,0.010000000000
1443113604,234.160000000000,99.345600000000
1443113604,234.000000000000,0.654400000000
1443113619,234.380000000000,0.074600000000
1443113620,234.530000000000,85.445900000000
1443113620,234.700000000000,81.855500000000
1443113620,234.520000000000,6.736000000000
1443113620,234.580000000000,3.015000000000
1443113621,234.700000000000,77.782600000000
1443113621,234.700000000000,81.760300000000
1443113621,234.700000000000,70.919600000000
1443113621,234.700000000000,74.645700000000
1443113622,234.700000000000,17.764800000000
1443113639,234.450000000000,5.000000000000
1443113649,234.290000000000,5.000000000000
1443113815,234.290000000000,0.030000000000
1443113871,234.290000000000,0.010000000000
1443113909,234.280000000000,0.440000000000
1443113958,234.390000000000,0.063500000000
1443113971,234.580000000000,0.010000000000
1443114105,234.960000000000,5.000000000000
1443114135,235.000000000000,11.286800000000
1443114147,234.860000000000,0.790000000000
1443114217,234.860000000000,1.930000000000
1443114239,234.960000000000,0.054000000000
1443114240,235.000000000000,100.000000000000
1443114240,235.000000000000,38.713200000000
1443114240,235.000000000000,0.047000000000
1443114265,235.000000000000,5.000000000000
1443114282,235.000000000000,0.610000000000
1443114294,235.000000000000,3.900000000000
1443114326,235.000000000000,5.000000000000
1443114399,235.000000000000,0.010000000000
1443114464,235.000000000000,20.000000000000
1443114493,235.000000000000,0.010000000000
1443114508,235.100000000000,0.044400000000
1443114598,235.400000000000,0.050000000000
1443114743,235.490000000000,0.010000000000
1443114964,235.590000000000,0.038100000000
1443114964,235.490000000000,1.820000000000
1443114973,235.600000000000,6.200000000000
1443115003,235.380000000000,5.000000000000
1443115006,235.400000000000,7.100000000000
1443115046,235.230000000000,5.000000000000
1443115059,235.000000000000,64.347900000000
1443115069,235.070000000000,119.284200000000
1443115069,235.000000000000,262.307900000000
1443115069,235.000000000000,18.407900000000
1443115080,235.140000000000,5.000000000000
1443115171,235.280000000000,1.960000000000
1443115172,235.280000000000,1.960000000000
1443115197,235.280000000000,2.683800000000
1443115299,235.280000000000,0.626200000000
1443115701,234.980000000000,1.960000000000
1443115702,235.200000000000,1.960000000000
1443116377,235.200000000000,4.774800000000
1443117705,234.550000000000,16.000000000000
1443117707,234.500000000000,7.410000000000
1443118049,234.390000000000,75.000000000000
1443118347,234.620000000000,14.000000000000
1443119141,234.960000000000,1.259900000000
1443120467,235.340000000000,51.459700000000
1443120467,235.310000000000,0.031700000000
1443120467,235.330000000000,23.290000000000
1443121180,234.930000000000,0.027000000000
1443121273,235.170000000000,30.050000000000
1443121457,235.230000000000,0.020000000000
1443121464,235.230000000000,0.002200000000
1443121515,235.310000000000,0.019000000000
1443121606,235.650000000000,6.706000000000
1443121607,235.740000000000,16.000000000000
1443121607,235.720000000000,37.950000000000
1443121784,235.520000000000,5.000000000000
1443121787,235.700000000000,0.015900000000
1443121802,235.930000000000,0.029500000000
1443121802,235.930000000000,6.748000000000
1443121803,235.940000000000,13.552500000000
1443122088,235.630000000000,5.000000000000
1443122112,235.630000000000,1.300000000000
1443122142,235.710000000000,0.430000000000
1443122253,235.710000000000,0.010000000000
1443122282,235.620000000000,0.590000000000
1443122341,235.620000000000,25.000000000000
1443122708,235.580000000000,0.020000000000
1443122758,235.590000000000,2.000000000000
1443122773,235.550000000000,1.690000000000
1443122865,235.540000000000,0.010000000000
1443122991,235.540000000000,0.010000000000
1443123126,235.540000000000,0.040000000000
1443123357,235.600000000000,0.010000000000
1443123533,235.700000000000,0.010000000000
1443123705,235.700000000000,0.010000000000
1443124233,235.660000000000,0.010000000000
1443124397,235.600000000000,0.010000000000
1443124483,235.730000000000,0.012700000000
1443124484,235.960000000000,62.987300000000
1443124549,235.820000000000,0.540000000000
1443124983,235.630000000000,0.010000000000
1443125086,235.650000000000,0.010000000000
1443125107,235.600000000000,0.010000000000
1443125656,235.650000000000,5.000000000000
1443125663,235.610000000000,5.000000000000
1443125677,235.600000000000,5.000000000000
1443125683,235.600000000000,0.580000000000
1443125683,235.630000000000,4.420000000000
1443125696,235.600000000000,5.000000000000
1443125701,235.600000000000,5.000000000000
1443125705,235.600000000000,5.000000000000
1443125718,235.600000000000,5.000000000000
1443125725,235.600000000000,5.000000000000
1443125731,235.600000000000,5.000000000000
1443125742,235.600000000000,3.390000000000
1443125747,235.460000000000,5.000000000000
1443125753,235.420000000000,5.000000000000
1443125760,235.540000000000,5.000000000000
1443125767,235.500000000000,5.000000000000
1443125771,235.490000000000,5.000000000000
1443125784,235.510000000000,5.000000000000
1443125796,235.370000000000,5.000000000000
1443125803,235.360000000000,5.000000000000
1443125810,235.400000000000,5.000000000000
1443125817,235.380000000000,1.610000000000
1443126001,235.400000000000,0.450000000000
1443126154,235.400000000000,0.010000000000
1443126299,235.400000000000,0.010000000000
1443126399,235.400000000000,6.707000000000
1443126399,235.400000000000,0.530000000000
1443126400,235.390000000000,42.763000000000
1443126578,235.350000000000,5.000000000000
1443126582,235.320000000000,5.000000000000
1443126587,235.480000000000,5.000000000000
1443126591,235.460000000000,5.000000000000
1443126598,235.510000000000,5.000000000000
1443126602,235.300000000000,5.000000000000
1443126609,235.480000000000,5.000000000000
1443126614,235.380000000000,5.000000000000
1443126636,235.370000000000,5.000000000000
1443126640,235.210000000000,5.000000000000
1443126646,235.210000000000,5.000000000000
1443126653,235.180000000000,1.390000000000
1443126660,235.180000000000,5.000000000000
1443126664,235.230000000000,5.000000000000
1443126670,235.230000000000,5.000000000000
1443126676,235.340000000000,5.000000000000
1443126687,235.330000000000,5.000000000000
1443126693,235.290000000000,5.000000000000
1443126704,235.340000000000,5.000000000000
1443126709,235.260000000000,5.000000000000
1443127918,235.630000000000,4.163500000000
1443127934,235.440000000000,0.010000000000
1443128010,235.440000000000,0.010000000000
1443128023,235.440000000000,0.010000000000
1443128035,235.440000000000,0.010000000000
1443128046,235.440000000000,0.010000000000
1443128088,235.440000000000,0.010000000000
1443128197,235.440000000000,0.250000000000
1443128429,235.740000000000,6.781000000000
1443128430,235.740000000000,1.379000000000
1443128608,235.440000000000,0.010000000000
1443129063,235.440000000000,0.010000000000
1443129184,235.600000000000,0.040000000000
1443129191,235.590000000000,100.000000000000
1443129196,235.610000000000,0.010000000000
1443129211,235.570000000000,6.785000000000
1443129211,235.560000000000,90.249900000000
1443129725,235.490000000000,2.965100000000
1443129773,235.550000000000,8.226000000000
1443129906,235.700000000000,0.815000000000
1443130150,235.480000000000,0.010000000000
1443131029,235.080000000000,7.561000000000
1443131031,235.080000000000,30.319000000000
1443131047,234.970000000000,2.380000000000
1443131075,234.840000000000,0.250000000000
1443131299,234.650000000000,0.050000000000
1443131338,234.650000000000,0.030000000000
1443131520,234.620000000000,9.641000000000
1443131522,234.620000000000,1.960000000000
1443131524,234.620000000000,1.960000000000
1443131526,234.620000000000,89.496700000000
1443131526,234.620000000000,15.942300000000
1443131526,234.620000000000,0.190000000000
1443131530,234.290000000000,5.000000000000
1443131541,234.400000000000,4.648000000000
1443131542,234.410000000000,0.212000000000
1443131613,234.230000000000,0.050000000000
1443131837,234.170000000000,7.000000000000
1443131849,234.110000000000,0.600000000000
1443131879,234.000000000000,0.050000000000
1443131976,233.910000000000,0.050000000000
1443132039,233.910000000000,0.050000000000
1443132099,233.910000000000,0.050000000000
1443132118,233.910000000000,0.050000000000
1443132119,233.990000000000,0.050000000000
1443132119,233.940000000000,0.050000000000
1443132134,234.100000000000,0.050000000000
1443132148,234.110000000000,0.200000000000
1443132230,233.940000000000,0.050000000000
1443132239,233.990000000000,0.050000000000
1443132256,234.000000000000,0.050000000000
1443132290,234.020000000000,0.050000000000
1443132346,234.050000000000,0.470000000000
1443132346,233.990000000000,0.050000000000
1443132396,234.110000000000,0.860000000000
1443132415,233.930000000000,0.050000000000
1443132415,233.970000000000,0.050000000000
1443132422,233.880000000000,7.000000000000
1443132425,233.830000000000,0.740000000000
1443132428,233.830000000000,1.960000000000
1443132428,234.100000000000,1.960000000000
1443132434,233.880000000000,5.000000000000
1443132465,233.950000000000,5.000000000000
1443132480,233.860000000000,0.050000000000
1443132501,233.930000000000,5.000000000000
1443132536,233.840000000000,0.050000000000
1443132548,233.930000000000,2.240000000000
1443132561,233.860000000000,0.050000000000
1443132561,233.920000000000,1.800000000000
1443132583,233.920000000000,1.030000000000
1443132616,233.930000000000,4.040000000000
1443132616,233.830000000000,0.050000000000
1443132631,233.930000000000,1.210000000000
1443132660,233.850000000000,0.050000000000
1443132685,233.930000000000,1.860000000000
1443132703,233.940000000000,2.280000000000
1443132718,233.840000000000,0.050000000000
1443132733,233.920000000000,0.050000000000
1443132736,233.790000000000,6.791000000000
1443132737,233.690000000000,4.148000000000
1443132737,233.760000000000,2.440000000000
1443132737,233.750000000000,30.000000000000
1443132758,233.840000000000,3.220000000000
1443132774,233.740000000000,5.000000000000
1443132784,233.640000000000,0.050000000000
1443132809,233.770000000000,0.230000000000
1443132818,233.770000000000,0.100000000000
1443132873,233.650000000000,1.960000000000
1443132874,233.570000000000,1.960000000000
1443132887,233.270000000000,5.000000000000
1443132898,233.430000000000,5.000000000000
1443132915,233.430000000000,5.000000000000
1443132925,233.430000000000,5.000000000000
1443132946,233.430000000000,5.000000000000
1443132960,233.430000000000,5.000000000000
1443132987,233.440000000000,5.000000000000
1443133005,233.430000000000,5.000000000000
1443133040,233.420000000000,5.000000000000
1443133055,233.160000000000,5.000000000000
1443133065,233.140000000000,1.960000000000
1443133065,233.140000000000,1.960000000000
1443133066,233.110000000000,10.820000000000
1443133071,233.270000000000,7.487000000000
1443133078,233.350000000000,5.000000000000
1443133088,233.320000000000,5.000000000000
1443133099,233.470000000000,5.000000000000
1443133116,233.310000000000,5.000000000000
1443133126,233.480000000000,5.000000000000
1443133136,233.490000000000,0.010000000000
1443133159,233.490000000000,0.020000000000
1443133176,233.350000000000,0.370000000000
1443133185,233.340000000000,1.240000000000
1443133197,233.340000000000,3.382000000000
1443133197,233.350000000000,1.618000000000
1443133207,233.350000000000,1.770000000000
1443133221,233.350000000000,0.720000000000
1443133222,232.980000000000,6.813000000000
1443133222,232.960000000000,3.930000000000
1443133250,232.990000000000,5.000000000000
1443133259,233.100000000000,5.000000000000
1443133282,233.020000000000,5.000000000000
1443133290,233.290000000000,5.000000000000
1443133305,233.370000000000,0.460000000000
1443133407,232.900000000000,3.890000000000
1443133432,233.230000000000,5.000000000000
1443133447,232.980000000000,0.190000000000
1443133484,232.980000000000,0.020000000000
1443133494,233.180000000000,0.120000000000
1443133552,233.030000000000,5.000000000000
1443133571,233.000000000000,5.000000000000
1443133585,233.390000000000,0.330000000000
1443133604,233.400000000000,0.990000000000
1443133630,233.400000000000,1.270000000000
1443133654,233.290000000000,1.830000000000
1443133804,233.430000000000,0.010000000000
1443133863,233.430000000000,0.001100000000
1443133871,233.490000000000,1.960000000000
1443133872,233.370000000000,1.960000000000
1443134096,233.540000000000,0.009500000000
1443134097,233.850000000000,0.000500000000
1443134415,233.890000000000,0.007900000000
1443134415,233.950000000000,21.880900000000
1443135431,233.670000000000,0.280000000000
1443135437,233.670000000000,0.200000000000
1443135514,233.670000000000,0.200000000000
1443135525,233.670000000000,0.200000000000
1443135534,233.670000000000,0.200000000000
1443135694,233.650000000000,0.200000000000
1443135713,233.650000000000,0.190000000000
1443135820,233.650000000000,0.130000000000
1443135830,233.650000000000,0.300000000000
1443135840,233.650000000000,1.410000000000
1443135905,233.590000000000,3.960000000000
1443135913,233.360000000000,1.960000000000
1443135913,233.360000000000,1.960000000000
1443135917,233.410000000000,5.000000000000
1443135928,233.600000000000,0.200000000000
1443136113,233.550000000000,0.200000000000
1443136479,233.580000000000,0.200000000000
1443136486,233.170000000000,30.000000000000
1443136494,233.080000000000,5.000000000000
1443136504,233.130000000000,4.320000000000
1443136516,233.170000000000,5.000000000000
1443136550,233.000000000000,1.960000000000
1443136551,232.700000000000,1.960000000000
1443136581,232.710000000000,30.000000000000
1443136656,232.660000000000,1.705800000000
1443136668,232.660000000000,2.519400000000
1443136708,232.660000000000,4.374800000000
1443136992,232.690000000000,0.050000000000
1443136993,232.690000000000,0.050000000000
1443136993,232.770000000000,1.860000000000
1443136996,232.770000000000,1.960000000000
1443137027,233.150000000000,0.615100000000
1443137050,233.300000000000,2.519400000000
1443137130,233.190000000000,0.050000000000
1443137131,233.400000000000,0.050000000000
1443137131,233.270000000000,1.705800000000
1443137357,233.590000000000,0.050000000000
1443137361,233.880000000000,0.006300000000
1443137362,233.890000000000,0.006300000000
1443137362,234.020000000000,0.037400000000
1443137422,234.120000000000,0.050000000000
1443137663,234.040000000000,0.004800000000
1443137917,234.450000000000,0.003200000000
1443137918,234.620000000000,0.246800000000
1443137931,234.620000000000,0.250000000000
1443137936,234.620000000000,0.540000000000
1443137943,234.620000000000,0.250000000000
1443137955,234.620000000000,0.250000000000
1443137970,234.620000000000,0.550000000000
1443137976,234.620000000000,5.000000000000
1443138195,234.540000000000,0.003200000000
1443138446,234.790000000000,0.010000000000
1443138490,234.790000000000,0.040000000000
1443138507,234.760000000000,0.010000000000
1443138565,234.760000000000,0.040000000000
1443138574,234.690000000000,0.050000000000
1443138626,234.650000000000,0.050000000000
1443138749,234.710000000000,0.050000000000
1443138793,234.660000000000,0.020000000000
1443138805,234.690000000000,0.050000000000
1443138811,234.680000000000,0.050000000000
1443138812,234.660000000000,0.030000000000
1443138952,234.510000000000,0.010000000000
1443139125,234.630000000000,0.050000000000
1443139125,234.720000000000,0.050000000000
1443139125,234.520000000000,1.280000000000
1443139186,234.610000000000,0.050000000000
1443139187,234.520000000000,4.950000000000
1443139262,234.630000000000,0.050000000000
1443139274,234.580000000000,0.050000000000
1443139275,234.520000000000,0.050000000000
1443139847,234.510000000000,1.960000000000
1443139848,234.370000000000,1.910000000000
1443139848,234.450000000000,0.050000000000
1443140803,234.160000000000,30.000000000000
1443140807,234.150000000000,6.807000000000
1443140810,234.190000000000,1.960000000000
1443140811,234.190000000000,1.960000000000
1443141599,234.330000000000,30.000000000000
1443141703,234.330000000000,9.588000000000
1443141902,234.050000000000,1.960000000000
1443141905,234.050000000000,1.960000000000
1443141916,234.130000000000,6.396000000000
1443143025,233.860000000000,1.960000000000
1443143026,233.880000000000,1.960000000000
1443143034,234.040000000000,0.050000000000
1443143289,234.000000000000,4.600000000000
1443143293,233.850000000000,0.058900000000
1443143437,234.070000000000,0.050000000000
1443143498,234.100000000000,4.550000000000
1443143610,233.980000000000,8.500000000000
1443143611,233.900000000000,4.250000000000
1443143759,234.000000000000,8.600000000000
1443143799,233.980000000000,8.600000000000
1443143927,234.260000000000,17.200000000000
1443143969,234.290000000000,17.200000000000
1443144006,234.300000000000,3.229000000000
1443144082,234.300000000000,0.200000000000
1443144262,233.980000000000,0.030000000000
1443144410,233.980000000000,0.010000000000
1443144462,233.980000000000,0.010000000000
1443144526,233.990000000000,0.010000000000
1443144724,234.300000000000,5.000000000000
1443144744,233.990000000000,0.010000000000
1443144930,233.990000000000,0.010000000000
1443145114,234.000000000000,0.010000000000
1443145255,234.000000000000,19.990000000000
1443145383,234.070000000000,0.070000000000
1443145847,234.250000000000,2.500000000000
1443145974,234.100000000000,0.010000000000
1443146311,234.220000000000,1.000000000000
1443146486,234.080000000000,6.748000000000
1443146487,234.090000000000,2.752000000000
1443146840,234.300000000000,1.571000000000
1443146990,234.290000000000,1.110000000000
1443147023,234.300000000000,1.000000000000
1443147063,234.300000000000,1.000000000000
1443147090,234.290000000000,1.000000000000
1443147140,234.320000000000,0.500000000000
1443147230,234.320000000000,1.000000000000
1443147311,234.370000000000,1.000000000000
1443147396,234.380000000000,1.000000000000
1443147415,234.380000000000,1.000000000000
1443147426,234.380000000000,1.000000000000
1443147438,234.380000000000,0.010000000000
1443147482,234.370000000000,1.000000000000
1443147484,234.510000000000,6.727000000000
1443147496,234.380000000000,1.000000000000
1443147515,234.450000000000,0.050000000000
1443147531,234.450000000000,0.050000000000
1443147543,234.380000000000,0.900000000000
1443147564,234.330000000000,0.370000000000
1443147576,234.330000000000,1.000000000000
1443149603,234.400000000000,1.000000000000
1443149870,234.520000000000,4.900000000000
1443149870,234.520000000000,19.250000000000
1443149870,234.570000000000,10.000000000000
1443149870,234.600000000000,30.000000000000
1443149873,234.600000000000,1.960000000000
1443149873,234.600000000000,1.960000000000
1443150583,234.440000000000,1.780000000000
1443150619,234.430000000000,6.757000000000
1443150864,234.180000000000,20.000000000000
1443150938,234.040000000000,5.919000000000
1443150968,233.750000000000,4.000000000000
1443151536,233.670000000000,0.050000000000
1443152415,233.650000000000,0.050000000000
1443152453,233.610000000000,32.000000000000
1443152453,233.490000000000,30.000000000000
1443152580,233.430000000000,0.050000000000
1443152580,233.410000000000,2.000000000000
1443152590,233.440000000000,0.050000000000
1443152654,233.470000000000,0.050000000000
1443152716,233.500000000000,0.050000000000
1443152717,233.550000000000,0.050000000000
1443152738,233.580000000000,0.050000000000
1443152993,233.530000000000,0.050000000000
1443152993,233.580000000000,0.050000000000
1443152993,233.500000000000,0.050000000000
1443152994,233.700000000000,0.050000000000
1443152994,233.770000000000,0.050000000000
1443153116,233.820000000000,8.950000000000
1443154473,233.980000000000,7.555000000000
1443156240,234.360000000000,5.000000000000
1443156995,234.420000000000,5.020000000000
1443157001,234.250000000000,1.960000000000
1443157002,234.200000000000,5.000000000000
1443157002,234.080000000000,30.000000000000
1443157002,234.250000000000,1.960000000000
1443157148,234.480000000000,30.000000000000
1443157152,234.580000000000,1.960000000000
1443157152,234.580000000000,1.960000000000
1443157862,234.180000000000,0.050000000000
1443157862,234.290000000000,0.050000000000
1443157973,234.110000000000,8.530000000000
1443158032,234.320000000000,30.000000000000
1443158220,234.650000000000,0.018300000000
1443158220,234.630000000000,10.000000000000
1443158315,234.810000000000,30.000000000000
1443158361,234.550000000000,30.000000000000
1443158373,234.380000000000,1.960000000000
1443158655,234.630000000000,30.000000000000
1443159080,234.860000000000,4.222000000000
1443159081,234.840000000000,4.167000000000
1443159081,234.830000000000,30.000000000000
1443159082,234.680000000000,3.561000000000
1443159129,234.900000000000,2.000000000000
1443159129,235.030000000000,5.792900000000
1443159129,235.000000000000,4.194000000000
1443159129,234.990000000000,100.000000000000
1443159129,235.030000000000,24.207100000000
1443159196,235.150000000000,12.730000000000
1443159196,235.160000000000,30.000000000000
1443159196,235.180000000000,3.831000000000
1443159196,235.150000000000,12.730000000000
1443159249,234.850000000000,30.000000000000
1443159250,234.780000000000,25.400000000000
1443159344,235.260000000000,0.023300000000
1443159351,235.180000000000,30.000000000000
1443159351,235.040000000000,3.798000000000
1443159357,235.030000000000,1.960000000000
1443159430,235.400000000000,0.050000000000
1443159507,235.490000000000,10.000000000000
1443159508,235.610000000000,37.880000000000
1443159508,235.550000000000,3.144000000000
1443159509,235.610000000000,30.000000000000
1443159509,235.730000000000,3.351000000000
1443159509,235.750000000000,1.960000000000
1443159511,235.670000000000,1.960000000000
1443159570,235.690000000000,0.050000000000
1443159572,235.460000000000,0.120000000000
1443159678,235.540000000000,0.050000000000
1443159730,235.510000000000,0.050000000000
1443159816,235.580000000000,0.050000000000
1443159816,235.450000000000,0.050000000000
1443159871,235.760000000000,0.020900000000
1443159871,235.790000000000,30.000000000000
1443159909,235.620000000000,0.050000000000
1443159909,235.650000000000,30.000000000000
1443159909,235.360000000000,0.609300000000
1443159909,235.370000000000,0.050000000000
1443159909,235.410000000000,0.050000000000
1443159910,235.410000000000,0.050000000000
1443160181,235.470000000000,0.050000000000
1443160311,235.470000000000,0.050000000000
1443160320,235.280000000000,0.050000000000
1443160320,235.430000000000,0.050000000000
1443160320,235.350000000000,0.050000000000
1443160342,235.290000000000,0.050000000000
1443160342,235.280000000000,0.050000000000
1443160351,235.110000000000,1.960000000000
1443160352,235.160000000000,1.960000000000
1443160429,235.180000000000,0.050000000000
1443160489,235.150000000000,0.050000000000
1443160646,235.220000000000,0.050000000000
1443160646,235.180000000000,0.050000000000
1443160653,235.180000000000,30.000000000000
1443161134,235.280000000000,30.000000000000
1443161237,235.390000000000,6.743000000000
1443161237,235.380000000000,30.000000000000
1443161359,235.680000000000,30.000000000000
1443161367,235.880000000000,1.960000000000
1443161367,235.880000000000,1.960000000000
1443161391,235.640000000000,30.000000000000
1443161393,235.620000000000,30.000000000000
1443161454,235.960000000000,30.000000000000
1443161455,235.990000000000,98.207200000000
1443161455,235.980000000000,6.679000000000
1443161455,235.970000000000,0.018600000000
1443161682,235.940000000000,30.000000000000
1443161854,235.600000000000,1.960000000000
1443161854,235.600000000000,1.960000000000
1443161855,235.590000000000,30.000000000000
1443161855,235.540000000000,6.704000000000
1443162322,235.730000000000,30.000000000000
1443162360,235.850000000000,1.960000000000
1443162362,235.850000000000,1.960000000000
1443163201,235.650000000000,6.716000000000
1443163452,235.690000000000,30.000000000000
1443164065,235.920000000000,10.000000000000
1443164290,235.950000000000,0.050000000000
1443164291,235.840000000000,0.050000000000
1443164291,235.910000000000,0.050000000000
1443164291,235.830000000000,6.775000000000
1443166139,235.210000000000,1.960000000000
1443166150,235.160000000000,1.960000000000
1443166174,235.200000000000,7.975000000000
1443166175,235.200000000000,30.000000000000
1443166304,235.160000000000,0.050000000000
1443166305,235.240000000000,0.050000000000
1443166373,235.370000000000,0.050000000000
1443166373,235.500000000000,30.000000000000
1443166381,235.370000000000,0.100000000000
1443166382,235.370000000000,3.269000000000
1443166389,235.430000000000,8.368000000000
1443166390,235.500000000000,30.000000000000
1443166443,235.450000000000,0.050000000000
1443166443,235.400000000000,0.050000000000
1443166549,235.500000000000,0.050000000000
1443166566,235.620000000000,47.000000000000
1443166572,235.470000000000,7.670000000000
1443166575,235.850000000000,1.960000000000
1443166575,235.740000000000,0.050000000000
1443166576,235.820000000000,1.960000000000
1443166576,235.820000000000,0.050000000000
1443166587,235.670000000000,1.000000000000
1443166591,235.670000000000,1.000000000000
1443166626,235.620000000000,2.000000000000
1443166642,235.630000000000,1.000000000000
1443166646,235.630000000000,1.000000000000
1443166655,235.630000000000,5.000000000000
1443166656,235.730000000000,0.050000000000
1443166665,235.750000000000,40.000000000000
1443166666,235.830000000000,0.050000000000
1443166784,235.720000000000,0.050000000000
1443166998,235.990000000000,1.792800000000
1443166998,236.000000000000,1.150000000000
1443166998,235.980000000000,6.706000000000
1443166998,235.910000000000,0.050000000000
1443166998,235.870000000000,0.050000000000
1443166999,236.000000000000,0.190000000000
1443166999,236.070000000000,0.016300000000
1443166999,236.110000000000,6.690000000000
1443167000,236.180000000000,6.741000000000
1443167229,236.450000000000,16.000000000000
1443167229,236.430000000000,6.707000000000
1443167230,236.570000000000,10.000000000000
1443167230,236.480000000000,30.000000000000
1443167230,236.480000000000,2.934000000000
1443167230,236.460000000000,76.367200000000
1443167231,236.570000000000,7.991800000000
1443167319,236.380000000000,0.014000000000
1443167383,236.640000000000,6.683000000000
1443167390,236.640000000000,0.660000000000
1443167391,236.650000000000,73.633800000000
1443167391,236.700000000000,0.397000000000
1443167391,236.700000000000,0.660000000000
1443167473,236.750000000000,30.000000000000
1443167599,236.870000000000,30.000000000000
1443167599,236.870000000000,54.560000000000
1443167612,236.780000000000,6.711000000000
1443167612,236.790000000000,0.050000000000
1443167612,236.830000000000,0.050000000000
1443167649,236.900000000000,0.050000000000
1443167649,236.820000000000,0.050000000000
1443167649,236.870000000000,6.750000000000
1443168262,236.930000000000,0.012800000000
1443168262,237.010000000000,17.750000000000
1443168320,236.970000000000,0.050000000000
1443168379,236.930000000000,0.050000000000
1443168388,236.820000000000,0.050000000000
1443168388,236.880000000000,0.050000000000
1443168393,236.750000000000,9.264000000000
1443168457,236.840000000000,0.050000000000
1443168458,236.790000000000,0.050000000000
1443168529,236.770000000000,0.050000000000
1443168570,236.830000000000,0.050000000000
1443168570,236.800000000000,0.050000000000
1443168590,236.740000000000,7.421000000000
1443169329,236.850000000000,0.050000000000
1443169391,236.810000000000,0.050000000000
1443169513,236.680000000000,6.728000000000
1443169513,236.700000000000,24.649200000000
1443169817,236.540000000000,16.000000000000
1443169893,236.600000000000,6.745000000000
1443169893,236.820000000000,30.000000000000
1443169894,236.860000000000,30.430000000000
1443169894,236.890000000000,0.010500000000
1443169989,236.770000000000,6.673000000000
1443169990,236.780000000000,40.327000000000
1443170000,237.020000000000,1.960000000000
1443170000,236.650000000000,1.960000000000
1443170023,236.650000000000,3.017100000000
1443170237,236.700000000000,6.668000000000
1443170405,236.710000000000,0.290000000000
1443170405,236.720000000000,6.710000000000
1443170411,236.710000000000,1.000000000000
1443170419,236.710000000000,1.000000000000
1443170420,236.770000000000,0.009300000000
1443170451,236.570000000000,9.000000000000
1443170496,236.480000000000,0.008100000000
1443170547,236.720000000000,1.960000000000
1443170548,236.720000000000,1.960000000000
1443170562,236.800000000000,47.008100000000
1443170699,236.500000000000,1.960000000000
1443170700,236.500000000000,1.960000000000
1443170729,236.500000000000,46.080000000000
1443170730,236.760000000000,73.910700000000
1443170730,236.750000000000,6.731000000000
1443170730,236.850000000000,30.000000000000
1443170740,236.850000000000,1.960000000000
1443170746,236.850000000000,241.318300000000
1443170820,236.640000000000,0.008100000000
1443171048,236.940000000000,4.222000000000
1443171048,236.980000000000,65.778000000000
1443171048,236.950000000000,30.000000000000
1443171252,236.530000000000,47.000000000000
1443171318,236.630000000000,1.000000000000
1443171322,236.630000000000,1.000000000000
1443171334,236.640000000000,5.000000000000
1443171346,236.600000000000,1.000000000000
1443171353,236.600000000000,1.000000000000
1443171356,236.750000000000,0.007000000000
1443171357,236.980000000000,4.201000000000
1443171357,236.860000000000,4.666000000000
1443171357,236.990000000000,6.706000000000
1443171358,237.000000000000,25.000000000000
1443171359,237.000000000000,38.000000000000
1443171359,237.000000000000,7.624000000000
1443171360,237.000000000000,1.960000000000
1443171465,237.000000000000,11.836000000000
1443171541,236.520000000000,47.000000000000
1443171573,236.580000000000,62.777400000000
1443172558,236.580000000000,37.000000000000
1443172583,236.580000000000,0.222600000000
1443172741,236.600000000000,9.777400000000
1443172742,236.660000000000,28.288300000000
1443172742,236.660000000000,61.934300000000
1443172780,236.500000000000,58.435200000000
1443172989,236.680000000000,0.005800000000
1443172989,236.520000000000,1.960000000000
1443172990,236.750000000000,1.954200000000
1443174014,236.500000000000,41.564800000000
1443174462,236.500000000000,37.000000000000
1443174489,236.500000000000,0.587100000000
1443174920,236.500000000000,0.400000000000
1443175540,236.430000000000,0.050000000000
1443175540,236.500000000000,10.766100000000
1443175540,236.390000000000,0.050000000000
1443175545,236.640000000000,1.960000000000
1443175547,236.640000000000,1.960000000000
1443175548,236.710000000000,10.000000000000
1443176470,236.750000000000,23.045800000000
1443176470,236.940000000000,0.036700000000
1443176985,237.000000000000,25.000000000000
1443177066,237.060000000000,6.706000000000
1443177067,237.050000000000,122.333300000000
1443177067,237.000000000000,20.960700000000
1443177110,236.940000000000,1.960000000000
1443177111,237.060000000000,1.960000000000
1443177141,236.940000000000,9.639000000000
1443178467,237.010000000000,6.657000000000
1443178468,237.000000000000,43.000000000000
1443178468,236.910000000000,0.050000000000
1443178742,237.020000000000,6.750000000000
1443178887,237.200000000000,1.960000000000
1443178888,237.140000000000,1.960000000000
1443178922,237.180000000000,7.289700000000
1443178955,237.070000000000,6.679000000000
1443179226,237.000000000000,6.706000000000
1443179233,237.250000000000,25.000000000000
1443179233,237.230000000000,10.000000000000
1443179233,237.220000000000,6.714000000000
1443179302,237.110000000000,6.726000000000
1443181169,237.070000000000,1.000000000000
1443181169,237.080000000000,6.715000000000
1443181169,237.050000000000,1.500000000000
1443181170,237.030000000000,40.785000000000
1443181236,237.420000000000,3.463800000000
1443181236,237.410000000000,6.681000000000
1443181272,237.450000000000,0.047700000000
1443181273,237.510000000000,0.062900000000
1443181427,237.150000000000,1.960000000000
1443181428,237.160000000000,1.960000000000
1443182693,237.010000000000,6.721000000000
1443183195,237.180000000000,0.080000000000
1443183229,237.170000000000,0.020000000000
1443183571,237.180000000000,0.010000000000
1443183622,237.180000000000,0.020000000000
1443183772,237.180000000000,0.010000000000
1443183843,237.170000000000,100.000000000000
1443184032,237.400000000000,43.343000000000
1443184032,237.390000000000,6.657000000000
1443184289,236.940000000000,0.010000000000
1443184374,237.120000000000,0.020000000000
1443184392,237.130000000000,0.010000000000
1443184477,237.350000000000,30.000000000000
1443184502,237.230000000000,2.990000000000
1443184543,237.240000000000,1.160000000000
1443184558,237.240000000000,0.020000000000
1443184574,237.240000000000,6.000000000000
1443184665,237.240000000000,0.130000000000
1443184680,237.430000000000,2.940000000000
1443184717,237.440000000000,0.165000000000
1443184746,237.440000000000,1.490000000000
1443184785,237.240000000000,0.010000000000
1443184800,237.370000000000,0.030000000000
1443185309,237.440000000000,3.345000000000
1443185462,237.400000000000,0.050000000000
1443185525,237.350000000000,0.050000000000
1443185719,237.330000000000,10.000000000000
1443185719,237.330000000000,1.979400000000
1443185719,237.250000000000,100.000000000000
1443185720,237.330000000000,4.740600000000
1443185773,237.190000000000,54.000000000000
1443186034,237.160000000000,0.720000000000
1443186044,237.160000000000,5.000000000000
1443186068,237.130000000000,5.000000000000
1443186113,237.050000000000,7.923000000000
1443186148,236.960000000000,5.000000000000
1443186166,237.080000000000,5.000000000000
1443186182,237.070000000000,5.000000000000
1443186197,236.970000000000,5.000000000000
1443186209,237.010000000000,5.000000000000
1443186218,237.090000000000,5.000000000000
1443186231,236.980000000000,4.570000000000
1443186241,237.160000000000,5.000000000000
1443186253,237.020000000000,0.080000000000
1443186270,237.020000000000,1.370000000000
1443186286,236.780000000000,30.000000000000
1443186286,236.390000000000,2.320000000000
1443186301,236.770000000000,2.000000000000
1443186316,236.880000000000,0.050000000000
1443186323,237.120000000000,54.000000000000
1443186332,237.140000000000,0.050000000000
1443186337,237.140000000000,2.590000000000
1443186345,237.260000000000,1.960000000000
1443186348,236.650000000000,1.960000000000
1443186368,236.870000000000,54.000000000000
1443186370,236.650000000000,5.000000000000
1443186382,237.030000000000,47.321000000000
1443186382,237.040000000000,6.679000000000
1443186388,237.060000000000,107.749900000000
1443186491,236.570000000000,5.000000000000
1443186502,236.910000000000,47.352000000000
1443186502,236.900000000000,6.648000000000
1443186521,236.860000000000,0.410000000000
1443186529,236.860000000000,1.000000000000
1443186535,236.860000000000,1.000000000000
1443186536,236.970000000000,0.050000000000
1443186536,237.130000000000,30.000000000000
1443186536,236.920000000000,0.050000000000
1443186538,237.060000000000,0.880000000000
1443186539,237.060000000000,52.000000000000
1443186555,236.940000000000,4.230000000000
1443186570,236.950000000000,1.490000000000
1443186582,236.950000000000,4.370000000000
1443186627,236.990000000000,0.050000000000
1443186640,237.070000000000,4.110000000000
1443186656,237.070000000000,5.000000000000
1443186668,236.930000000000,1.040000000000
1443186687,236.930000000000,2.150000000000
1443186697,237.080000000000,0.050000000000
1443186707,237.140000000000,2.230000000000
1443186710,237.120000000000,0.050000000000
1443186718,237.130000000000,6.672000000000
1443186736,237.260000000000,5.000000000000
1443186792,237.150000000000,5.000000000000
1443186801,236.990000000000,5.000000000000
1443186815,237.210000000000,5.000000000000
1443186833,237.120000000000,5.000000000000
1443186833,237.230000000000,0.050000000000
1443186835,237.250000000000,0.050000000000
1443186842,237.250000000000,5.000000000000
1443186851,237.070000000000,5.000000000000
1443186861,237.190000000000,5.000000000000
1443186876,237.210000000000,5.000000000000
1443186894,237.180000000000,5.000000000000
1443186914,237.170000000000,0.050000000000
1443186914,237.120000000000,5.000000000000
1443186925,237.170000000000,0.168000000000
1443186931,237.180000000000,5.000000000000
1443186963,237.190000000000,5.000000000000
1443186979,237.160000000000,5.000000000000
1443186980,237.220000000000,0.050000000000
1443186989,237.260000000000,5.000000000000
1443186998,237.120000000000,5.000000000000
1443187010,237.160000000000,5.000000000000
1443187021,237.160000000000,5.000000000000
1443187051,237.120000000000,5.000000000000
1443187051,237.220000000000,0.050000000000
1443187112,237.100000000000,4.560000000000
1443187120,237.100000000000,0.004500000000
1443187121,237.060000000000,4.995500000000
1443187130,237.020000000000,5.000000000000
1443187206,237.110000000000,5.000000000000
1443187218,237.120000000000,5.000000000000
1443187225,237.070000000000,5.000000000000
1443187273,237.040000000000,5.000000000000
1443187292,237.010000000000,5.000000000000
1443187292,237.080000000000,0.050000000000
1443187310,237.130000000000,5.000000000000
1443187347,237.020000000000,97.111800000000
1443187348,236.800000000000,1.236000000000
1443187348,236.990000000000,3.764000000000
1443187364,237.040000000000,2.000000000000
1443187464,236.800000000000,0.050000000000
1443187486,236.830000000000,0.050000000000
1443187486,236.900000000000,0.050000000000
1443187537,236.810000000000,5.000000000000
1443187637,236.620000000000,0.050000000000
1443188196,236.680000000000,0.050000000000
1443188196,236.710000000000,0.050000000000
1443188197,236.930000000000,0.050000000000
1443188197,236.780000000000,0.050000000000
1443188197,236.930000000000,0.050000000000
1443188552,236.580000000000,0.050000000000
1443188559,236.610000000000,0.050000000000
1443188566,236.590000000000,1.510000000000
1443188570,236.560000000000,1.510000000000
1443188686,236.610000000000,0.050000000000
1443188986,236.570000000000,4.751000000000
1443188986,236.580000000000,3.970000000000
1443188986,236.590000000000,6.657000000000
1443188987,236.550000000000,5.379000000000
1443188987,236.490000000000,2.100000000000
1443188987,236.470000000000,2.143000000000
1443188998,236.810000000000,0.050000000000
1443188998,236.670000000000,0.050000000000
1443189037,236.670000000000,6.674000000000
1443189038,236.660000000000,8.000000000000
1443189038,236.600000000000,5.000000000000
1443189045,236.590000000000,1.960000000000
1443189046,236.590000000000,1.960000000000
1443189092,236.590000000000,1.406000000000
1443189115,236.660000000000,5.000000000000
1443189386,236.660000000000,0.634000000000
1443189386,236.550000000000,1.326000000000
1443189386,236.660000000000,1.960000000000
1443190182,236.550000000000,3.674000000000
1443190303,236.340000000000,1.960000000000
1443190304,236.340000000000,1.960000000000
1443190326,236.330000000000,0.130000000000
1443190327,236.330000000000,24.870000000000
1443190437,236.330000000000,1.960000000000
1443190439,236.280000000000,1.631100000000
1443190439,236.250000000000,0.328900000000
1443190610,236.460000000000,0.050000000000
1443190991,236.340000000000,0.050000000000
1443191011,236.370000000000,0.050000000000
1443191191,236.540000000000,1.960000000000
1443191192,236.680000000000,1.960000000000
1443191311,236.430000000000,0.010000000000
1443191386,236.540000000000,0.010000000000
1443191501,236.530000000000,0.010000000000
1443191764,236.580000000000,5.000000000000
1443191775,236.550000000000,4.320000000000
1443191775,236.390000000000,0.680000000000
1443191812,236.530000000000,4.130000000000
1443191962,236.590000000000,0.010000000000
1443192090,236.680000000000,6.705000000000
1443192097,236.690000000000,1.250000000000
1443192098,236.740000000000,6.708000000000
1443192101,236.630000000000,5.000000000000
1443192162,236.540000000000,0.880000000000
1443192183,236.590000000000,5.000000000000
1443192229,236.580000000000,25.000000000000
1443192282,236.510000000000,6.697000000000
1443192283,236.500000000000,18.303000000000
1443192610,236.750000000000,3.750000000000
1443192610,236.750000000000,6.714000000000
1443192611,236.750000000000,1.960000000000
1443192611,236.750000000000,1.960000000000
1443192617,236.750000000000,0.330000000000
1443192682,236.760000000000,4.950900000000
1443192682,236.750000000000,6.736000000000
1443192730,236.780000000000,2.750000000000
1443192867,236.450000000000,0.200000000000
1443192877,236.450000000000,0.390000000000
1443193046,236.390000000000,0.030000000000
1443193088,236.410000000000,4.790000000000
1443193164,236.410000000000,3.500000000000
1443193182,236.400000000000,1.860000000000
1443193244,236.400000000000,2.720000000000
1443193270,236.400000000000,5.000000000000
1443193316,236.400000000000,0.420000000000
1443193336,236.380000000000,0.840000000000
1443193511,236.200000000000,0.020000000000
1443193576,236.200000000000,1.280000000000
1443194117,236.190000000000,35.000000000000
1443194901,236.240000000000,6.741000000000
1443194907,236.240000000000,18.259000000000
1443194950,236.150000000000,25.000000000000
1443195020,236.400000000000,1.250000000000
1443195020,236.390000000000,6.671000000000
1443195021,236.450000000000,10.000000000000
1443195022,236.230000000000,0.090000000000
1443195245,236.510000000000,6.702000000000
1443195249,236.510000000000,0.980000000000
1443195296,236.520000000000,14.000000000000
1443195312,236.510000000000,1.420000000000
1443195397,236.500000000000,6.700000000000
1443195397,236.520000000000,0.440000000000
1443195397,236.510000000000,0.898000000000
1443195397,236.600000000000,12.000000000000
1443195462,236.520000000000,0.005000000000
1443195464,236.400000000000,1.960000000000
1443195715,236.390000000000,2.333000000000
1443195715,236.400000000000,0.387000000000
1443195719,236.660000000000,1.960000000000
1443195866,236.480000000000,0.020000000000
1443195885,236.850000000000,0.797200000000
1443195939,236.860000000000,5.000000000000
1443195953,236.910000000000,0.050000000000
1443195953,236.870000000000,4.950000000000
1443196052,236.560000000000,0.030000000000
1443196103,236.630000000000,0.050000000000
1443196104,236.390000000000,4.617000000000
1443196104,236.430000000000,25.000000000000
1443196104,236.560000000000,0.020000000000
1443196105,236.240000000000,6.662000000000
1443196105,236.250000000000,4.036000000000
1443196105,236.230000000000,1.567600000000
1443196144,236.240000000000,25.000000000000
1443196144,236.480000000000,0.050000000000
1443196145,236.230000000000,16.698400000000
1443196151,236.680000000000,6.655000000000
1443196172,236.530000000000,1.700000000000
1443196194,236.130000000000,6.723000000000
1443196194,236.120000000000,35.245100000000
1443196210,236.500000000000,47.273000000000
1443196210,236.490000000000,6.727000000000
1443196227,236.330000000000,0.050000000000
1443196289,236.330000000000,0.050000000000
1443196397,236.300000000000,0.050000000000
1443196430,236.310000000000,6.939100000000
1443196453,236.280000000000,6.688000000000
1443196500,236.280000000000,0.010000000000
1443196618,236.210000000000,0.050000000000
1443196618,236.280000000000,0.241100000000
1443196618,236.130000000000,6.686000000000
1443196618,236.250000000000,0.050000000000
1443196619,236.110000000000,5.000000000000
1443196619,236.110000000000,5.000000000000
1443196619,236.110000000000,5.000000000000
1443196619,236.100000000000,10.000000000000
1443196619,236.110000000000,5.000000000000
1443196619,236.110000000000,5.000000000000
1443196623,236.020000000000,1.960000000000
1443196623,236.020000000000,1.960000000000
1443196626,236.150000000000,1.280000000000
1443196800,236.020000000000,9.100000000000
1443197112,236.030000000000,54.000000000000
1443197148,236.130000000000,0.004200000000
1443197269,236.040000000000,0.050000000000
1443197270,236.070000000000,0.050000000000
1443197270,236.130000000000,89.998400000000
1443197272,236.170000000000,1.960000000000
1443197273,236.170000000000,1.960000000000
1443197312,236.170000000000,1.981600000000
1443197488,236.010000000000,1.000000000000
1443197795,236.010000000000,9.000000000000
1443197796,236.000000000000,1.000000000000
1443197861,235.840000000000,10.000000000000
1443197862,235.730000000000,88.900000000000
1443197862,235.750000000000,1.100000000000
1443197908,235.630000000000,3.009000000000
1443197909,235.600000000000,21.991000000000
1443197926,235.710000000000,3.070000000000
1443197938,235.920000000000,3.088000000000
1443197938,235.900000000000,0.050000000000
1443197938,235.740000000000,0.050000000000
1443198037,235.560000000000,1.862900000000
1443198038,235.490000000000,23.137100000000
1443198064,235.590000000000,0.050000000000
1443198065,235.670000000000,0.801400000000
1443198065,235.670000000000,0.050000000000
1443198066,235.770000000000,6.697000000000
1443198066,235.780000000000,17.401600000000
1443198092,235.990000000000,20.000000000000
1443198218,235.640000000000,25.000000000000
1443199835,235.980000000000,1.701000000000
1443200015,235.980000000000,0.664000000000
1443200204,235.920000000000,3.701000000000
1443200204,235.930000000000,24.602000000000
1443200204,235.930000000000,6.697000000000
1443200613,235.970000000000,10.000000000000
1443200614,235.990000000000,80.000000000000
1443201000,235.840000000000,10.044400000000
1443201949,236.050000000000,5.000000000000
1443202041,236.040000000000,82.000000000000
1443202147,235.980000000000,9.228000000000
1443202262,235.860000000000,1.960000000000
1443202263,235.860000000000,1.960000000000
1443202509,236.110000000000,0.080000000000
1443202574,236.110000000000,0.050000000000
1443202588,236.110000000000,1.960000000000
1443202590,236.030000000000,1.960000000000
1443203062,236.040000000000,5.000000000000
1443203063,236.000000000000,2.500000000000
1443203067,235.850000000000,0.010000000000
1443204218,236.030000000000,0.050000000000
1443204522,236.030000000000,0.090000000000
1443204867,236.120000000000,0.800000000000
1443205147,236.010000000000,0.010000000000
1443205481,235.900000000000,0.000100000000
1443205499,235.930000000000,0.000100000000
1443205533,235.920000000000,0.000100000000
1443205553,235.930000000000,0.000100000000
1443205845,236.020000000000,6.705000000000
1443206289,236.030000000000,1.960000000000
1443206291,236.030000000000,8.040000000000
1443206293,236.050000000000,1.960000000000
1443206360,236.050000000000,6.750000000000
1443206497,236.050000000000,3.345000000000
1443206654,236.040000000000,40.000000000000
1443206723,236.030000000000,0.248500000000
1443207146,236.030000000000,0.161500000000
1443207147,236.000000000000,5.000000000000
1443207147,235.900000000000,6.691000000000
1443207148,235.890000000000,8.892900000000
1443207148,235.890000000000,79.254600000000
1443207422,236.070000000000,1.960000000000
1443207423,236.070000000000,1.960000000000
1443208291,236.130000000000,1.000000000000
1443208292,236.150000000000,5.000000000000
1443208292,236.130000000000,6.762000000000
1443208306,236.250000000000,0.010000000000
1443208317,236.250000000000,0.010000000000
1443208452,236.250000000000,0.010000000000
1443208457,236.250000000000,0.020000000000
1443208458,236.100000000000,0.050000000000
1443208458,236.200000000000,0.050000000000
1443208459,236.090000000000,0.010000000000
1443208747,236.070000000000,0.050000000000
1443208747,236.200000000000,0.050000000000
1443208747,236.250000000000,0.050000000000
1443208747,236.100000000000,6.725000000000
1443209121,236.270000000000,0.050000000000
1443209185,236.270000000000,0.050000000000
1443209186,236.240000000000,0.050000000000
1443209186,236.190000000000,0.050000000000
1443209229,236.180000000000,0.050000000000
1443209292,236.180000000000,0.050000000000
1443209312,236.150000000000,0.050000000000
1443209344,236.090000000000,0.050000000000
1443209344,236.060000000000,0.050000000000
1443209345,235.890000000000,0.350000000000
1443209345,236.010000000000,0.050000000000
1443209345,235.890000000000,0.050000000000
1443209356,236.180000000000,0.050000000000
1443209378,235.890000000000,0.450000000000
1443209378,236.050000000000,0.050000000000
1443209417,235.960000000000,1.960000000000
1443209465,235.930000000000,0.050000000000
1443209465,235.910000000000,0.450000000000
1443209494,236.000000000000,0.050000000000
1443209517,235.920000000000,63.000000000000
1443209765,235.850000000000,9.990000000000
1443209785,235.920000000000,3.317800000000
1443209966,235.930000000000,7.148100000000
1443210278,235.890000000000,0.000100000000
1443210498,235.650000000000,0.050000000000
1443210498,235.710000000000,0.050000000000
1443210503,235.750000000000,1.960000000000
1443210531,235.780000000000,6.732000000000
1443210531,235.790000000000,88.268000000000
1443210547,235.600000000000,0.000100000000
1443210584,235.710000000000,0.050000000000
1443210584,235.790000000000,6.748000000000
1443210584,235.800000000000,0.050000000000
1443210585,235.800000000000,56.652000000000
1443210604,235.610000000000,0.050000000000
1443210607,235.680000000000,0.080000000000
1443210634,235.680000000000,1.960000000000
1443210636,235.750000000000,1.960000000000
1443210928,235.690000000000,0.050000000000
1443210928,235.740000000000,0.050000000000
1443210928,235.840000000000,0.050000000000
1443210929,235.880000000000,6.782000000000
1443210929,235.880000000000,56.068000000000
1443211010,235.800000000000,6.000000000000
1443211016,235.670000000000,0.500000000000
1443211136,235.600000000000,0.000100000000
1443211180,235.700000000000,0.050000000000
1443211241,235.760000000000,0.050000000000
1443211242,235.760000000000,0.050000000000
1443211275,235.760000000000,1.960000000000
1443211440,235.790000000000,0.005100000000
1443211456,235.790000000000,0.044900000000
1443211590,235.760000000000,1.960000000000
1443211624,235.760000000000,10.980000000000
1443211703,235.550000000000,0.050000000000
1443211704,235.580000000000,1.910000000000
1443211704,235.580000000000,1.960000000000
1443211900,235.650000000000,0.050000000000
1443212117,235.750000000000,0.000100000000
1443212119,235.520000000000,5.000000000000
1443212131,235.520000000000,20.000000000000
1443212170,235.520000000000,6.714000000000
1443212180,235.550000000000,0.000100000000
1443212341,235.270000000000,0.630000000000
1443212465,235.440000000000,6.707000000000
1443212465,235.360000000000,0.050000000000
1443212465,235.320000000000,0.050000000000
1443212469,235.790000000000,0.050000000000
1443212665,235.690000000000,0.000100000000
1443212723,235.500000000000,0.000100000000
1443212776,235.280000000000,0.010000000000
1443212906,235.280000000000,0.040000000000
1443212906,235.240000000000,0.050000000000
1443212906,235.360000000000,0.049900000000
1443212910,235.600000000000,25.000000000000
1443212910,235.590000000000,1.960000000000
1443212912,235.630000000000,1.960000000000
1443213052,235.270000000000,0.010000000000
1443213064,235.270000000000,0.020000000000
1443213089,235.270000000000,0.000300000000
1443213101,235.270000000000,0.000200000000
1443213109,235.270000000000,0.000100000000
1443214193,235.270000000000,0.019400000000
1443214193,235.290000000000,13.180600000000
1443214478,234.910000000000,2.266600000000
1443214493,234.810000000000,5.000000000000
1443214515,235.070000000000,5.000000000000
1443214618,234.800000000000,5.000000000000
1443214652,234.700000000000,5.000000000000
1443219101,234.900000000000,5.000000000000
1443219113,234.900000000000,5.000000000000
1443219118,234.900000000000,8.682000000000
1443219156,234.900000000000,5.000000000000
1443219166,234.900000000000,1.318000000000
1443219167,235.590000000000,0.002000000000
1443219786,234.830000000000,0.500000000000
1443220400,235.320000000000,4.134000000000
1443220403,235.320000000000,5.597400000000
1443221079,235.290000000000,19.107500000000
1443222218,235.120000000000,2.000000000000
1443224062,235.460000000000,0.050000000000
1443224062,235.460000000000,0.050000000000
1443224151,235.450000000000,0.050000000000
1443224234,235.480000000000,0.050000000000
1443224299,235.480000000000,0.050000000000
1443224307,235.540000000000,6.801000000000
1443224307,235.550000000000,3.199000000000
1443224319,235.490000000000,0.050000000000
1443225207,235.530000000000,0.050000000000
1443225231,235.530000000000,0.050000000000
1443225260,235.500000000000,0.050000000000
1443225283,235.540000000000,0.050000000000
1443225334,235.510000000000,0.050000000000
1443225424,235.470000000000,0.050000000000
1443225424,235.500000000000,0.050000000000
1443225465,235.490000000000,0.050000000000
1443225528,235.490000000000,0.050000000000
1443225568,235.440000000000,0.050000000000
1443225580,235.370000000000,6.185000000000
1443225598,235.390000000000,0.050000000000
1443227153,235.180000000000,0.050000000000
1443227355,235.180000000000,0.050000000000
1443227497,235.210000000000,0.050000000000
1443227807,235.190000000000,0.050000000000
1443227841,235.260000000000,0.050000000000
1443227841,235.230000000000,0.050000000000
1443227911,235.120000000000,0.050000000000
1443228026,235.240000000000,0.050000000000
1443228026,235.090000000000,0.050000000000
1443228026,235.140000000000,0.050000000000
1443228241,235.360000000000,0.050000000000
1443228241,235.310000000000,0.050000000000
1443228242,235.560000000000,0.741900000000
1443230146,235.630000000000,0.050000000000
1443230159,235.630000000000,0.050000000000
1443231161,235.660000000000,0.050000000000
1443231162,235.630000000000,0.050000000000
1443231287,235.600000000000,0.050000000000
1443231398,235.540000000000,0.050000000000
1443232314,235.170000000000,4.040000000000
1443232332,235.170000000000,0.200000000000
1443232606,234.970000000000,0.050000000000
1443232661,234.970000000000,0.050000000000
1443232724,234.970000000000,0.050000000000
1443232754,235.020000000000,0.050000000000
1443232784,235.110000000000,0.050000000000
1443232845,235.260000000000,0.050000000000
1443232861,235.480000000000,50.000000000000
1443232882,235.620000000000,6.709000000000
1443232882,235.630000000000,13.291000000000
1443233032,235.230000000000,0.050000000000
1443233058,235.230000000000,0.050000000000
1443233095,235.230000000000,0.050000000000
1443233193,235.230000000000,0.050000000000
1443233366,235.260000000000,0.050000000000
1443235492,235.700000000000,0.199700000000
1443235817,235.700000000000,0.800300000000
1443235818,235.720000000000,5.337000000000
1443235944,235.670000000000,2.921600000000
1443237215,234.990000000000,5.000000000000
1443237219,234.990000000000,1.960000000000
1443237220,234.990000000000,1.960000000000
1443238225,235.180000000000,0.050000000000
1443238514,235.270000000000,0.050000000000
1443239667,235.300000000000,0.677000000000
1443239720,235.370000000000,0.130000000000
1443240431,235.400000000000,1.960000000000
1443240465,235.400000000000,1.960000000000
1443240620,235.440000000000,4.554000000000
1443240620,235.410000000000,4.206000000000
1443240620,235.430000000000,0.230000000000
1443240621,235.450000000000,86.010000000000
1443240784,235.240000000000,1.960000000000
1443240784,235.300000000000,1.960000000000
1443241573,235.110000000000,0.250000000000
1443242392,235.060000000000,6.718000000000
1443242392,235.050000000000,3.282000000000
1443242720,235.060000000000,1.070000000000
1443242894,234.870000000000,0.250000000000
1443242894,234.860000000000,4.700000000000
1443243018,234.650000000000,0.040000000000
1443243026,234.650000000000,0.400000000000
1443243035,234.650000000000,0.350000000000
1443243053,234.650000000000,0.120000000000
1443243072,234.650000000000,2.080000000000
1443243084,234.580000000000,5.000000000000
1443243112,234.570000000000,5.943000000000
1443243131,234.380000000000,0.040000000000
1443243142,234.380000000000,5.000000000000
1443243179,234.290000000000,5.000000000000
1443243296,234.240000000000,0.040000000000
1443243328,234.240000000000,0.080000000000
1443243335,234.240000000000,5.000000000000
1443243344,234.220000000000,0.080000000000
1443243383,234.220000000000,0.080000000000
1443243393,234.220000000000,5.000000000000
1443243401,234.210000000000,5.000000000000
1443243410,234.210000000000,0.360000000000
1443243436,234.210000000000,5.000000000000
1443243445,234.210000000000,0.420000000000
1443243515,234.210000000000,7.288000000000
1443243521,234.210000000000,5.000000000000
1443243530,234.210000000000,1.930000000000
1443243542,234.100000000000,2.738000000000
1443243542,234.210000000000,0.002000000000
1443244435,234.290000000000,25.000000000000
1443244442,234.240000000000,5.000000000000
1443244453,234.220000000000,5.000000000000
1443244480,234.120000000000,0.350000000000
1443244579,234.000000000000,0.040000000000
1443244609,234.000000000000,0.760000000000
1443244652,233.910000000000,0.386900000000
1443244652,234.000000000000,0.003100000000
1443244768,233.870000000000,4.720000000000
1443244776,233.860000000000,5.000000000000
1443246264,234.020000000000,0.080000000000
1443246375,234.020000000000,6.823000000000
1443246625,234.080000000000,5.000000000000
1443246633,234.150000000000,3.260000000000
1443246647,234.200000000000,5.000000000000
1443246659,234.160000000000,5.000000000000
1443246667,234.210000000000,1.060000000000
1443246699,234.210000000000,0.060000000000
1443246712,234.210000000000,5.000000000000
1443246749,234.170000000000,0.060000000000
1443247034,234.240000000000,5.000000000000
1443247044,234.190000000000,5.000000000000
1443247061,234.340000000000,5.000000000000
1443247080,234.340000000000,5.000000000000
1443247108,234.330000000000,3.570000000000
1443247116,234.200000000000,5.000000000000
1443247162,234.210000000000,5.000000000000
1443247449,234.030000000000,0.005000000000
1443247449,234.220000000000,3.395000000000
1443247512,234.270000000000,2.630000000000
1443247525,234.320000000000,5.000000000000
1443247525,234.320000000000,1.960000000000
1443247553,234.270000000000,1.150000000000
1443247696,234.300000000000,5.000000000000
1443247697,234.410000000000,25.000000000000
1443247713,234.420000000000,0.060000000000
1443247736,234.420000000000,5.000000000000
1443247744,234.650000000000,1.960000000000
1443247746,234.650000000000,5.000000000000
1443247752,234.640000000000,5.000000000000
1443247760,234.660000000000,5.000000000000
1443247825,234.510000000000,1.960000000000
1443247826,234.490000000000,1.960000000000
1443247987,234.480000000000,6.788000000000
1443248002,234.710000000000,5.000000000000
1443248007,234.790000000000,1.960000000000
1443248008,234.780000000000,1.960000000000
1443248009,234.560000000000,5.000000000000
1443248022,234.770000000000,3.220000000000
1443248213,234.580000000000,0.340000000000
1443248425,234.620000000000,1.960000000000
1443248426,234.610000000000,1.960000000000
1443248451,234.680000000000,7.209000000000
1443248477,234.730000000000,5.000000000000
1443248481,234.960000000000,6.737000000000
1443248491,235.140000000000,5.000000000000
1443248498,235.010000000000,5.000000000000
1443248514,235.170000000000,5.000000000000
1443248521,235.210000000000,5.000000000000
1443248529,235.120000000000,5.000000000000
1443248536,235.060000000000,2.170000000000
1443248571,235.250000000000,5.000000000000
1443248581,235.190000000000,5.000000000000
1443248589,235.170000000000,5.000000000000
1443248596,235.270000000000,5.000000000000
1443248611,235.280000000000,5.000000000000
1443248620,235.080000000000,5.000000000000
1443248627,235.070000000000,4.470000000000
1443248667,235.040000000000,25.000000000000
1443248687,234.940000000000,25.000000000000
1443248886,234.690000000000,25.000000000000
1443249031,234.640000000000,25.000000000000
1443249468,234.670000000000,0.010000000000
1443249610,234.670000000000,0.010000000000
1443249823,234.670000000000,0.010000000000
1443249925,234.670000000000,0.030000000000
1443250367,234.880000000000,6.786000000000
1443250367,234.890000000000,3.945400000000
1443250977,234.410000000000,0.010000000000
1443251119,234.380000000000,5.000000000000
1443251134,234.600000000000,5.000000000000
1443251148,234.530000000000,5.000000000000
1443251192,234.550000000000,4.810000000000
1443251207,234.590000000000,0.010000000000
1443251250,234.590000000000,0.010000000000
1443251389,234.590000000000,0.030000000000
1443251564,234.590000000000,0.020000000000
1443251691,234.530000000000,0.010000000000
1443252061,234.630000000000,6.792000000000
1443252144,234.530000000000,0.010000000000
1443252575,234.370000000000,2.830000000000
1443252838,234.320000000000,1.960000000000
1443252839,234.340000000000,1.960000000000
1443252848,234.260000000000,0.860000000000
1443252907,234.260000000000,0.010000000000
1443252949,234.260000000000,0.010000000000
1443253053,234.260000000000,1.000000000000
1443253104,234.260000000000,0.010000000000
1443253357,234.040000000000,1.960000000000
1443253357,234.040000000000,1.960000000000
1443253789,234.130000000000,6.807000000000
1443253987,234.160000000000,6.725000000000
1443255971,234.030000000000,5.000000000000
1443255979,234.020000000000,5.000000000000
1443255987,234.080000000000,0.010000000000
1443256073,234.090000000000,5.000000000000
1443256080,234.080000000000,4.150000000000
1443256089,234.080000000000,2.060000000000
1443256101,234.080000000000,0.010000000000
1443256130,234.080000000000,3.750000000000
1443256139,234.180000000000,5.000000000000
1443256146,234.230000000000,5.000000000000
1443256163,233.990000000000,6.813000000000
1443256163,233.930000000000,25.000000000000
1443256268,234.120000000000,6.774000000000
1443256272,234.230000000000,1.960000000000
1443256272,234.240000000000,5.000000000000
1443256274,234.140000000000,1.960000000000
1443256279,234.180000000000,1.010000000000
1443256330,233.980000000000,6.760000000000
1443256392,233.890000000000,6.818000000000
1443256786,233.950000000000,5.000000000000
1443257764,233.860000000000,0.680000000000
1443257781,234.110000000000,3.108000000000
1443257816,233.860000000000,0.240000000000
1443257991,234.280000000000,2.674300000000
1443258125,233.860000000000,5.000000000000
1443258132,233.850000000000,4.030000000000
1443258143,233.980000000000,5.000000000000
1443258150,233.920000000000,5.000000000000
1443258480,233.680000000000,3.130000000000
1443258645,233.840000000000,0.100000000000
1443258770,234.040000000000,5.000000000000
1443258790,233.850000000000,0.100000000000
1443258801,233.850000000000,0.280000000000
1443258824,233.840000000000,0.100000000000
1443258835,233.840000000000,0.050000000000
1443258845,233.840000000000,5.000000000000
1443258855,233.890000000000,5.000000000000
1443258873,233.950000000000,2.390000000000
1443258886,233.970000000000,0.010000000000
1443258906,233.980000000000,1.180000000000
1443258921,233.970000000000,5.000000000000
1443258938,233.960000000000,5.000000000000
1443258946,234.010000000000,5.000000000000
1443259550,234.250000000000,0.067700000000
1443259556,234.040000000000,1.960000000000
1443259557,234.080000000000,1.960000000000
1443259717,234.140000000000,1.960000000000
1443259718,234.140000000000,1.960000000000
1443259853,234.150000000000,6.761000000000
1443260065,234.080000000000,6.795000000000
1443260714,233.900000000000,6.784000000000
1443261842,233.810000000000,1.960000000000
1443261843,233.810000000000,1.960000000000
1443262614,233.810000000000,0.217400000000
1443263249,233.690000000000,5.000000000000
1443263253,233.660000000000,6.905500000000
1443263253,233.670000000000,17.672300000000
1443263254,233.730000000000,10.001700000000
1443263254,233.690000000000,7.282300000000
1443263254,233.710000000000,6.737000000000
1443263255,233.830000000000,5.000000000000
1443263261,233.800000000000,17.003200000000
1443263273,233.780000000000,7.865700000000
1443263273,233.790000000000,15.684500000000
1443263273,233.770000000000,10.183000000000
1443263274,233.830000000000,13.020700000000
1443263274,233.830000000000,2.777200000000
1443263274,233.810000000000,9.762100000000
1443263274,233.870000000000,25.000000000000
1443263275,233.850000000000,15.245700000000
1443263294,233.770000000000,14.404200000000
1443263303,233.730000000000,9.076900000000
1443263304,233.790000000000,10.744000000000
1443263304,233.780000000000,12.062800000000
1443263304,233.750000000000,6.261400000000
1443263304,233.740000000000,12.434800000000
1443263304,233.830000000000,12.692300000000
1443263316,233.700000000000,2.170000000000
1443263321,233.680000000000,5.000000000000
1443263323,233.670000000000,6.765000000000
1443263326,233.660000000000,8.443500000000
1443263327,233.700000000000,4.252400000000
1443263327,233.740000000000,6.751000000000
1443263327,233.680000000000,5.452000000000
1443263327,233.680000000000,8.498100000000
1443263327,233.670000000000,11.017100000000
1443263327,233.760000000000,16.453900000000
1443263328,233.910000000000,5.000000000000
1443263342,233.680000000000,2.110000000000
1443263347,233.670000000000,8.052600000000
1443263347,233.660000000000,8.883700000000
1443263348,233.680000000000,6.741700000000
1443263348,233.760000000000,15.067900000000
1443263348,233.690000000000,14.951500000000
1443263348,233.710000000000,13.374000000000
1443263369,233.690000000000,5.000000000000
1443263375,233.660000000000,3.750000000000
1443263386,233.650000000000,3.674700000000
1443263386,233.660000000000,1.325300000000
1443263392,233.660000000000,5.000000000000
1443263397,233.640000000000,6.745000000000
1443263398,233.660000000000,0.788800000000
1443263398,233.640000000000,1.831200000000
1443263403,233.660000000000,1.830000000000
1443263492,233.660000000000,0.000300000000
1443263492,233.690000000000,3.267800000000
1443263492,233.770000000000,0.001900000000
1443267325,233.770000000000,8.402000000000
1443267327,233.770000000000,0.069300000000
1443267328,233.770000000000,5.700000000000
1443267331,233.870000000000,25.000000000000
1443267346,233.790000000000,5.000000000000
1443267354,233.780000000000,0.600000000000
1443267398,233.950000000000,25.000000000000
1443267426,234.000000000000,4.520000000000
1443267437,234.000000000000,1.090000000000
1443267456,233.990000000000,2.900000000000
1443267481,234.000000000000,1.730000000000
1443267611,233.960000000000,1.960000000000
1443267611,233.960000000000,1.960000000000
1443267748,234.000000000000,7.178000000000
1443267811,233.980000000000,6.801000000000
1443267811,233.970000000000,65.640300000000
1443268623,233.980000000000,6.793000000000
1443268623,233.900000000000,25.000000000000
1443268629,233.930000000000,5.000000000000
1443268637,234.050000000000,5.000000000000
1443268655,234.040000000000,5.000000000000
1443268668,234.100000000000,4.140000000000
1443268682,234.140000000000,5.000000000000
1443268692,234.150000000000,2.430000000000
1443269144,234.270000000000,6.723000000000
1443269144,234.280000000000,25.000000000000
1443269250,234.530000000000,1.960000000000
1443269250,234.320000000000,1.960000000000
1443269293,234.290000000000,6.821000000000
1443269294,234.140000000000,6.794000000000
1443269294,234.280000000000,12.227000000000
1443269304,234.120000000000,4.040000000000
1443269638,234.230000000000,0.010000000000
1443269810,234.230000000000,0.002500000000
1443269849,234.230000000000,0.200000000000
1443269879,234.230000000000,0.200000000000
1443269908,234.560000000000,0.250000000000
1443269920,234.490000000000,25.000000000000
1443269923,234.410000000000,5.920000000000
1443269923,234.400000000000,3.529000000000
1443269951,234.380000000000,25.000000000000
1443270025,234.350000000000,6.768000000000
1443270025,234.670000000000,25.000000000000
1443270030,234.650000000000,5.000000000000
1443270046,234.660000000000,5.000000000000
1443270056,234.660000000000,2.150000000000
1443270166,234.460000000000,6.734000000000
1443270260,234.620000000000,6.736000000000
1443270261,234.630000000000,25.000000000000
1443270266,234.620000000000,5.000000000000
1443270273,234.740000000000,5.000000000000
1443270282,234.680000000000,5.000000000000
1443270306,234.560000000000,25.000000000000
1443270328,234.370000000000,18.197000000000
1443270328,234.360000000000,6.803000000000
1443270407,234.670000000000,2.270000000000
1443270435,234.670000000000,0.200000000000
1443270446,234.660000000000,5.000000000000
1443270456,234.650000000000,5.000000000000
1443270481,234.610000000000,5.000000000000
1443270483,234.610000000000,1.731000000000
1443270484,234.600000000000,23.269000000000
1443270490,234.590000000000,4.540000000000
1443270513,234.580000000000,0.380000000000
1443270520,234.600000000000,6.760000000000
1443270536,234.780000000000,5.000000000000
1443270543,234.900000000000,4.300000000000
1443270543,234.840000000000,5.000000000000
1443270550,235.000000000000,5.000000000000
1443270724,234.730000000000,5.000000000000
1443270738,234.830000000000,4.260000000000
1443270745,234.990000000000,5.000000000000
1443270760,234.930000000000,5.000000000000
1443270984,234.770000000000,6.771000000000
1443271112,234.800000000000,2.620000000000
1443271137,234.800000000000,1.620000000000
1443271477,235.000000000000,1.190000000000
1443271757,234.770000000000,6.711000000000
1443271773,234.740000000000,0.250000000000
1443271863,235.030000000000,6.784000000000
1443271869,235.020000000000,5.000000000000
1443272408,234.750000000000,6.732000000000
1443272486,234.640000000000,25.000000000000
1443272486,234.800000000000,6.764000000000
1443272486,234.650000000000,6.793000000000
1443272601,234.990000000000,9.669000000000
1443272612,234.830000000000,6.803000000000
1443272688,234.940000000000,6.800000000000
1443272688,234.950000000000,25.000000000000
1443272750,234.710000000000,6.729000000000
1443272755,234.600000000000,25.000000000000
1443273375,234.880000000000,6.731000000000
1443275742,234.930000000000,1.002000000000
1443277859,234.790000000000,6.718000000000
1443278662,234.790000000000,1.960000000000
1443278834,234.770000000000,6.756000000000
1443278834,234.780000000000,25.000000000000
1443279172,234.940000000000,4.290000000000
1443279751,234.910000000000,1.960000000000
1443279752,234.890000000000,5.000000000000
1443279761,234.860000000000,25.000000000000
1443280639,234.590000000000,5.000000000000
1443280640,234.580000000000,6.751000000000
1443280640,234.580000000000,25.000000000000
1443280644,234.490000000000,5.000000000000
1443280650,234.600000000000,5.000000000000
1443280655,234.440000000000,5.000000000000
1443280662,234.550000000000,5.000000000000
1443280667,234.760000000000,5.000000000000
1443281798,234.670000000000,2.820000000000
1443282762,234.960000000000,6.749300000000
1443283765,234.380000000000,5.000000000000
1443283778,234.280000000000,5.000000000000
1443283786,234.290000000000,5.000000000000
1443283792,234.440000000000,5.000000000000
1443284151,234.270000000000,0.360000000000
1443284152,233.980000000000,25.000000000000
1443284163,233.880000000000,7.487000000000
1443284164,233.940000000000,3.122000000000
1443284165,234.060000000000,0.020000000000
1443284178,234.060000000000,0.010000000000
1443284190,233.930000000000,1.140000000000
1443284194,233.880000000000,5.000000000000
1443284201,233.870000000000,5.000000000000
1443284353,233.890000000000,1.090000000000
1443284600,233.780000000000,1.960000000000
1443284619,233.770000000000,1.960000000000
1443284779,233.730000000000,0.740000000000
1443284787,233.700000000000,1.010000000000
1443284795,233.690000000000,0.010000000000
1443284856,233.790000000000,0.200000000000
1443285161,233.790000000000,6.846000000000
1443285442,233.800000000000,5.000000000000
1443285839,233.840000000000,3.002600000000
1443287171,233.790000000000,0.154000000000
1443289806,233.880000000000,2.200000000000
1443289963,234.090000000000,8.000000000000
1443289979,234.230000000000,0.501300000000
1443290505,233.580000000000,0.040000000000
1443290599,233.580000000000,0.010000000000
1443291170,233.870000000000,8.498000000000
1443291247,233.790000000000,0.010000000000
1443292698,233.870000000000,0.010000000000
1443294520,234.010000000000,7.356000000000
1443294581,234.160000000000,6.876000000000
1443296853,234.420000000000,0.200000000000
1443297317,234.420000000000,3.800000000000
1443300272,234.700000000000,0.390000000000
1443300328,234.640000000000,5.904000000000
1443300442,234.640000000000,0.130000000000
1443301909,234.590000000000,0.010000000000
1443302014,234.590000000000,1.960000000000
1443302016,234.460000000000,1.960000000000
1443302935,234.150000000000,5.000000000000
1443302936,234.120000000000,25.000000000000
1443302941,234.090000000000,5.000000000000
