1466092099,740.450000000000,0.285000000000
1466092258,740.980000000000,0.200000000000
1466092259,740.980000000000,0.010000000000
1466092318,740.480000000000,0.069800000000
1466092405,740.040000000000,0.050000000000
1466092406,740.030000000000,0.020000000000
1466092406,740.030000000000,0.010000000000
1466092406,740.030000000000,0.020000000000
1466092408,740.030000000000,0.050000000000
1466092535,739.850000000000,0.357000000000
1466092824,739.980000000000,0.157200000000
1466092833,739.790000000000,0.010000000000
1466092834,739.790000000000,0.030000000000
1466092834,739.790000000000,0.060000000000
1466092837,739.790000000000,0.320000000000
1466092837,739.780000000000,0.005900000000
1466092921,739.520000000000,0.072300000000
1466093038,739.640000000000,0.060000000000
1466093038,739.680000000000,0.081600000000
1466093038,739.680000000000,0.440000000000
1466093251,739.670000000000,0.353000000000
1466093430,741.050000000000,0.110000000000
1466093892,742.220000000000,0.035000000000
1466093893,742.220000000000,0.165000000000
1466093898,741.880000000000,0.050000000000
1466093906,741.740000000000,0.238000000000
1466093924,741.930000000000,0.070000000000
1466094029,742.330000000000,2.050000000000
1466094029,742.320000000000,0.275400000000
1466094030,742.330000000000,0.010000000000
1466094030,742.330000000000,0.020000000000
1466094030,742.340000000000,0.040000000000
1466094064,742.410000000000,0.040000000000
1466094064,742.550000000000,0.070000000000
1466094082,742.980000000000,0.276000000000
1466094085,743.160000000000,0.172000000000
1466094085,743.160000000000,0.070000000000
1466094085,743.160000000000,0.010000000000
1466094086,743.360000000000,0.153000000000
1466094101,743.360000000000,18.000000000000
1466094107,743.210000000000,0.444000000000
1466094113,743.220000000000,0.337300000000
1466094248,742.410000000000,0.173000000000
1466094248,742.730000000000,0.124000000000
1466094249,742.400000000000,0.040000000000
1466094322,742.570000000000,0.010000000000
1466094325,742.760000000000,0.188000000000
1466094330,742.760000000000,0.644000000000
1466094336,742.760000000000,0.033000000000
1466094344,742.760000000000,0.151000000000
1466094350,742.760000000000,0.080000000000
1466094357,742.790000000000,0.529000000000
1466094362,742.790000000000,0.205000000000
1466094369,742.790000000000,0.030000000000
1466094376,742.790000000000,0.357000000000
1466094382,742.790000000000,0.699000000000
1466094390,742.800000000000,0.080000000000
1466094395,742.800000000000,1.000000000000
1466094499,742.480000000000,0.093000000000
1466094565,742.330000000000,0.177000000000
1466094570,743.040000000000,0.379000000000
1466094576,743.040000000000,0.210000000000
1466094620,743.140000000000,0.100000000000
1466094625,743.130000000000,0.054000000000
1466094645,742.950000000000,0.050000000000
1466094654,742.950000000000,0.272000000000
1466094801,742.990000000000,0.010000000000
1466094801,742.990000000000,0.050000000000
1466094837,743.080000000000,0.144000000000
1466094841,743.020000000000,0.144000000000
1466094843,743.020000000000,0.212000000000
1466094900,742.710000000000,0.090000000000
1466094900,742.800000000000,0.060000000000
1466094900,742.810000000000,4.000000000000
1466094900,742.810000000000,0.080000000000
1466094900,742.800000000000,0.050000000000
1466094945,742.770000000000,1.228400000000
1466094946,742.780000000000,0.010000000000
1466094949,743.010000000000,0.264300000000
1466094952,743.010000000000,0.070000000000
1466094957,743.010000000000,0.296000000000
1466094969,742.940000000000,0.061000000000
1466094975,742.940000000000,0.091000000000
1466094982,742.930000000000,0.453000000000
1466094989,742.930000000000,0.762000000000
1466095036,742.740000000000,0.015000000000
1466095047,742.740000000000,0.026000000000
1466095048,742.660000000000,0.090000000000
1466095155,742.590000000000,0.261000000000
1466095155,742.590000000000,0.010000000000
1466095163,742.780000000000,0.030000000000
1466095171,742.780000000000,0.139000000000
1466095177,742.780000000000,0.140000000000
1466095184,742.780000000000,0.115000000000
1466095189,742.780000000000,0.246000000000
1466095196,743.310000000000,0.293000000000
1466095203,743.310000000000,0.198000000000
1466095209,743.310000000000,0.030000000000
1466095218,743.310000000000,0.150000000000
1466095223,743.310000000000,0.010000000000
1466095228,743.310000000000,0.630000000000
1466095235,743.310000000000,0.010000000000
1466095244,743.650000000000,0.034000000000
1466095333,743.500000000000,0.034000000000
1466095419,743.910000000000,3.500000000000
1466095432,744.170000000000,0.334000000000
1466095582,744.420000000000,0.171000000000
1466095594,744.420000000000,0.399000000000
1466095601,744.420000000000,0.300000000000
1466095607,744.420000000000,0.614000000000
1466095614,744.410000000000,0.312000000000
1466095620,744.410000000000,0.165000000000
1466095627,744.410000000000,0.052000000000
1466095633,744.410000000000,0.030000000000
1466095639,744.410000000000,0.056000000000
1466095647,744.150000000000,0.020000000000
1466095653,744.150000000000,0.110000000000
1466095659,744.000000000000,0.040000000000
1466095659,744.000000000000,0.527000000000
1466095671,744.190000000000,0.118000000000
1466095838,744.250000000000,0.321000000000
1466095851,744.250000000000,0.315000000000
1466095988,744.500000000000,0.203000000000
1466095995,744.500000000000,1.000000000000
1466095999,744.500000000000,0.354000000000
1466096002,744.600000000000,0.281000000000
1466096003,744.600000000000,0.330000000000
1466096008,744.600000000000,0.122000000000
1466096015,744.600000000000,0.014000000000
1466096290,744.540000000000,0.010000000000
1466096361,744.000000000000,0.433000000000
1466096440,744.880000000000,61.000000000000
1466096667,744.760000000000,0.107000000000
1466096668,744.760000000000,0.356000000000
1466096697,744.310000000000,0.398000000000
1466096704,744.310000000000,0.234000000000
1466096849,743.790000000000,0.342000000000
1466096997,743.580000000000,0.130600000000
1466097004,743.580000000000,0.740700000000
1466097101,743.910000000000,0.714900000000
1466097253,745.320000000000,0.432400000000
1466097253,745.300000000000,0.274100000000
1466097340,745.040000000000,0.316000000000
1466097348,745.410000000000,0.300000000000
1466097436,745.630000000000,0.350000000000
1466097463,746.000000000000,0.317000000000
1466097466,746.000000000000,0.310000000000
1466097523,746.310000000000,0.328000000000
1466097528,746.310000000000,0.007000000000
1466097558,746.500000000000,1.000000000000
1466097570,746.680000000000,0.310000000000
1466097574,745.720000000000,2.000000000000
1466097574,745.720000000000,1.502500000000
1466097574,746.240000000000,0.352500000000
1466097574,746.690000000000,0.145000000000
1466097688,746.600000000000,0.052000000000
1466097695,746.590000000000,0.052000000000
1466097703,746.410000000000,0.052000000000
1466097871,748.420000000000,0.234100000000
1466097909,748.700000000000,0.268000000000
1466097917,748.700000000000,0.345000000000
1466097937,749.130000000000,0.268000000000
1466097945,749.130000000000,0.363000000000
1466097956,749.130000000000,0.010000000000
1466097965,750.000000000000,1.000000000000
1466097976,749.630000000000,0.151000000000
1466097976,749.630000000000,0.137000000000
1466097976,749.630000000000,0.140000000000
1466097976,749.630000000000,0.151000000000
1466097976,749.630000000000,0.155000000000
1466097977,749.630000000000,0.136000000000
1466097977,749.630000000000,1.000000000000
1466097979,749.360000000000,0.135000000000
1466097979,749.360000000000,0.138000000000
1466097980,749.640000000000,2.000000000000
1466097980,749.640000000000,2.000000000000
1466098012,749.740000000000,0.020700000000
1466098033,750.250000000000,2.000000000000
1466098036,750.250000000000,2.000000000000
1466098038,750.260000000000,0.255000000000
1466098046,750.260000000000,4.000000000000
1466098048,750.260000000000,0.323000000000
1466098050,750.250000000000,0.030000000000
1466098055,750.260000000000,0.327000000000
1466098056,750.250000000000,0.523000000000
1466098062,750.250000000000,0.169000000000
1466098065,750.260000000000,0.339000000000
1466098069,750.260000000000,0.289000000000
1466098069,750.260000000000,0.248000000000
1466098075,750.250000000000,0.010000000000
1466098075,749.570000000000,0.285000000000
1466098082,749.800000000000,0.010000000000
1466098082,749.820000000000,0.195000000000
1466098082,750.370000000000,0.182000000000
1466098082,750.270000000000,0.125000000000
1466098083,750.380000000000,60.739800000000
1466098084,750.380000000000,0.108400000000
1466098084,750.380000000000,0.639800000000
1466098091,750.250000000000,0.014900000000
1466098099,750.210000000000,0.020000000000
1466098100,750.240000000000,0.220000000000
1466098100,750.250000000000,0.090000000000
1466098188,749.920000000000,0.020000000000
1466098188,749.930000000000,0.050000000000
1466098248,750.240000000000,57.650000000000
1466098254,750.240000000000,55.324600000000
1466098255,750.240000000000,54.484200000000
1466098258,750.240000000000,0.043000000000
1466098293,750.250000000000,0.060000000000
1466098300,750.630000000000,0.439000000000
1466098306,750.240000000000,0.342000000000
1466098313,750.240000000000,0.086000000000
1466098319,750.240000000000,0.046000000000
1466098323,750.240000000000,0.415000000000
1466098328,750.240000000000,1.000000000000
1466098334,750.240000000000,0.653000000000
1466098338,750.240000000000,0.362000000000
1466098344,750.240000000000,0.270000000000
1466098349,750.240000000000,0.088000000000
1466098354,750.240000000000,0.285000000000
1466098354,750.240000000000,0.027000000000
1466098358,750.240000000000,0.262000000000
1466098360,750.240000000000,0.366000000000
1466098364,750.240000000000,1.000000000000
1466098373,750.240000000000,0.384000000000
1466098374,750.240000000000,0.375000000000
1466098379,750.240000000000,0.015000000000
1466098381,750.240000000000,0.100000000000
1466098381,750.240000000000,0.030000000000
1466098381,750.240000000000,0.030000000000
1466098381,750.240000000000,28.522200000000
1466098386,749.240000000000,0.080000000000
1466098392,749.240000000000,0.401000000000
1466098399,749.240000000000,0.717000000000
1466098404,748.590000000000,0.030000000000
1466098410,749.130000000000,0.010000000000
1466098416,749.130000000000,0.185000000000
1466098423,749.130000000000,0.010000000000
1466098423,749.130000000000,0.020000000000
1466098424,748.980000000000,0.191000000000
1466098424,748.740000000000,0.166000000000
1466098429,748.750000000000,0.183000000000
1466098449,749.160000000000,0.377000000000
1466098458,749.470000000000,0.124900000000
1466098490,749.470000000000,0.394000000000
1466098695,750.380000000000,0.624600000000
1466098714,749.520000000000,0.052000000000
1466098721,749.560000000000,0.200000000000
1466098728,749.530000000000,0.010000000000
1466098736,749.530000000000,0.566000000000
1466098737,749.520000000000,0.399000000000
1466098741,749.520000000000,0.529000000000
1466098749,749.530000000000,0.168000000000
1466098754,749.520000000000,1.000000000000
1466098760,749.570000000000,0.691000000000
1466098768,749.570000000000,0.030000000000
1466098773,749.570000000000,0.113000000000
1466098779,749.570000000000,0.073000000000
1466098890,749.580000000000,0.219000000000
1466098897,749.570000000000,0.104000000000
1466098933,749.750000000000,0.032000000000
1466099014,750.850000000000,0.396000000000
1466099024,750.850000000000,0.303000000000
1466099035,751.000000000000,0.349000000000
1466099035,750.850000000000,0.023000000000
1466099057,751.000000000000,9.651000000000
1466099069,751.250000000000,2.000000000000
1466099070,751.250000000000,1.000000000000
1466099070,751.250000000000,1.000000000000
1466099074,751.250000000000,0.363000000000
1466099078,751.250000000000,1.637000000000
1466099079,751.250000000000,0.333000000000
1466099084,751.250000000000,0.345000000000
1466099094,751.180000000000,0.499000000000
1466099103,751.250000000000,0.003000000000
1466099111,751.180000000000,0.250000000000
1466099119,750.780000000000,0.090000000000
1466099119,750.800000000000,1.910000000000
1466099148,751.250000000000,2.319000000000
1466099149,751.250000000000,3.000000000000
1466099149,751.250000000000,3.000000000000
1466099149,751.250000000000,3.000000000000
1466099150,751.250000000000,3.000000000000
1466099150,751.250000000000,3.000000000000
1466099150,751.250000000000,3.000000000000
1466099150,751.250000000000,3.000000000000
1466099150,751.250000000000,3.000000000000
1466099269,751.510000000000,1.631000000000
1466099310,751.510000000000,0.369000000000
1466099315,751.250000000000,0.057500000000
1466099344,750.740000000000,0.337000000000
1466099353,750.740000000000,0.302000000000
1466099356,750.430000000000,0.356000000000
1466099360,750.430000000000,0.280000000000
1466099472,750.340000000000,2.000000000000
1466099672,751.750000000000,0.303000000000
1466099688,751.970000000000,0.032000000000
1466099693,752.230000000000,0.302000000000
1466099698,752.300000000000,0.321000000000
1466099707,752.300000000000,0.369000000000
1466099714,752.300000000000,0.341000000000
1466099720,752.300000000000,0.408000000000
1466099756,752.300000000000,0.057300000000
1466099849,752.110000000000,0.061900000000
1466099915,751.020000000000,0.313000000000
1466099933,750.770000000000,0.940300000000
1466100107,750.350000000000,0.493000000000
1466100119,750.350000000000,0.080000000000
1466100119,750.390000000000,0.010000000000
1466100119,750.420000000000,0.201000000000
1466100120,750.700000000000,3.992000000000
1466100120,750.690000000000,0.479600000000
1466100122,750.900000000000,0.453000000000
1466100130,750.900000000000,0.407000000000
1466100132,750.900000000000,10.277400000000
1466100183,750.320000000000,0.132000000000
1466100183,750.320000000000,0.030000000000
1466100188,750.430000000000,0.424000000000
1466100188,750.320000000000,0.020000000000
1466100504,751.500000000000,0.325000000000
1466100521,751.500000000000,0.370000000000
1466100530,751.500000000000,0.365000000000
1466100540,751.500000000000,0.339000000000
1466100569,751.650000000000,0.387000000000
1466100648,751.370000000000,0.010000000000
1466100648,751.360000000000,0.060000000000
1466100767,751.150000000000,0.045900000000
1466100810,751.680000000000,0.178000000000
1466100810,751.690000000000,0.148000000000
1466100811,751.690000000000,1.674000000000
1466100856,751.310000000000,6.670700000000
1466100878,751.000000000000,0.430000000000
1466100942,751.000000000000,0.437000000000
1466100946,751.000000000000,2.000000000000
1466100968,751.000000000000,0.359000000000
1466100978,751.000000000000,0.357000000000
1466100988,751.000000000000,0.354000000000
1466100998,751.000000000000,0.286000000000
1466101004,751.000000000000,0.020000000000
1466101004,751.000000000000,20.777000000000
1466101004,751.000000000000,0.010000000000
1466101004,751.000000000000,0.020000000000
1466101005,750.730000000000,0.010000000000
1466101060,748.310000000000,0.177000000000
1466101060,748.770000000000,0.133900000000
1466101065,748.090000000000,0.413000000000
1466101079,748.030000000000,1.290000000000
1466101125,745.540000000000,4.000000000000
1466101126,745.530000000000,0.709800000000
1466101151,744.510000000000,0.163000000000
1466101166,743.860000000000,2.000000000000
1466101180,744.080000000000,0.231000000000
1466101181,743.860000000000,0.429000000000
1466101185,743.860000000000,0.017000000000
1466101193,743.860000000000,0.133000000000
1466101193,743.860000000000,0.116000000000
1466101194,743.860000000000,0.133000000000
1466101194,743.860000000000,0.006000000000
1466101195,743.860000000000,0.127000000000
1466101196,743.860000000000,0.087000000000
1466101197,743.860000000000,0.046000000000
1466101198,743.860000000000,0.133000000000
1466101198,743.860000000000,0.133000000000
1466101198,743.860000000000,0.027000000000
1466101199,743.860000000000,0.106000000000
1466101199,743.860000000000,0.063000000000
1466101203,743.860000000000,0.070000000000
1466101204,743.860000000000,0.133000000000
1466101204,743.860000000000,0.133000000000
1466101204,743.860000000000,0.133000000000
1466101205,743.950000000000,0.133000000000
1466101205,743.950000000000,0.097000000000
1466101208,743.920000000000,0.017000000000
1466101209,743.950000000000,0.036000000000
1466101209,743.950000000000,0.123000000000
1466101209,743.950000000000,0.133000000000
1466101210,743.950000000000,0.133000000000
1466101210,743.950000000000,0.010000000000
1466101210,743.950000000000,0.133000000000
1466101211,744.230000000000,0.133000000000
1466101211,744.220000000000,2.959000000000
1466101211,744.250000000000,0.180000000000
1466101212,744.210000000000,0.017000000000
1466101224,744.310000000000,0.206900000000
1466101225,744.810000000000,2.000000000000
1466101226,744.790000000000,0.060000000000
1466101227,744.810000000000,2.000000000000
1466101231,744.810000000000,0.152000000000
1466101235,744.810000000000,4.298000000000
1466101247,745.210000000000,0.592400000000
1466101255,745.210000000000,0.133000000000
1466101276,745.260000000000,2.000000000000
1466101297,746.050000000000,0.128700000000
1466101380,746.720000000000,0.439000000000
1466101436,746.760000000000,0.462000000000
1466101444,746.760000000000,0.471000000000
1466101455,746.760000000000,0.067000000000
1466101484,747.850000000000,0.240000000000
1466101532,748.410000000000,0.227000000000
1466101532,748.020000000000,0.808000000000
1466101533,748.460000000000,0.231000000000
1466101533,748.460000000000,0.398000000000
1466101588,748.950000000000,0.134000000000
1466101588,748.960000000000,0.090000000000
1466101588,748.960000000000,0.100000000000
1466101615,748.950000000000,0.331000000000
1466101660,749.020000000000,3.000000000000
1466101695,749.290000000000,0.062600000000
1466101894,748.950000000000,0.420000000000
1466101899,748.950000000000,0.115000000000
1466101899,748.950000000000,0.030000000000
1466101978,749.240000000000,0.306000000000
1466102003,749.300000000000,0.379000000000
1466102006,749.300000000000,0.021000000000
1466102027,749.630000000000,0.457000000000
1466102031,749.630000000000,0.363000000000
1466102092,749.930000000000,0.193000000000
1466102092,749.610000000000,0.111000000000
1466102138,750.270000000000,0.297000000000
1466102173,750.090000000000,0.422000000000
1466102178,750.080000000000,0.296000000000
1466102408,749.830000000000,0.020000000000
1466102408,749.830000000000,0.020000000000
1466102408,749.830000000000,0.030000000000
1466102409,749.830000000000,0.080000000000
1466102462,749.060000000000,4.000000000000
1466102462,749.050000000000,0.040000000000
1466102462,749.060000000000,0.050000000000
1466102463,748.990000000000,35.820000000000
1466102463,749.020000000000,0.090000000000
1466102538,749.550000000000,2.000000000000
1466102777,752.450000000000,0.145300000000
1466102777,752.300000000000,0.134700000000
1466102785,752.610000000000,0.340000000000
1466102795,752.610000000000,0.278000000000
1466102798,752.610000000000,6.000000000000
1466102805,752.610000000000,43.382000000000
1466102829,753.770000000000,0.309000000000
1466102833,753.770000000000,0.022700000000
1466102839,753.780000000000,5.000000000000
1466102839,753.780000000000,5.000000000000
1466102839,753.780000000000,5.000000000000
1466102839,753.780000000000,5.000000000000
1466102839,753.780000000000,5.000000000000
1466102848,754.380000000000,0.334000000000
1466102859,754.750000000000,0.300000000000
1466102860,754.760000000000,0.070400000000
1466102878,754.630000000000,0.191000000000
1466102885,754.500000000000,0.336000000000
1466102890,754.500000000000,4.473000000000
1466102891,754.500000000000,5.000000000000
1466102891,754.500000000000,5.000000000000
1466102891,754.500000000000,5.000000000000
1466102891,754.500000000000,5.000000000000
1466102897,755.000000000000,63.703600000000
1466102903,755.000000000000,62.377200000000
1466102910,755.000000000000,0.265000000000
1466102911,755.000000000000,60.120400000000
1466102912,755.000000000000,58.273700000000
1466102912,755.000000000000,55.511400000000
1466102912,755.000000000000,57.984400000000
1466102913,755.000000000000,54.078100000000
1466102913,755.000000000000,52.930400000000
1466102914,755.000000000000,0.065100000000
1466102914,755.000000000000,5.000000000000
1466102914,755.000000000000,34.755800000000
1466102914,755.000000000000,5.000000000000
1466102914,755.000000000000,5.000000000000
1466102915,755.000000000000,5.000000000000
1466102915,755.000000000000,4.934900000000
1466102936,756.480000000000,18.000000000000
1466103044,758.940000000000,1.829400000000
1466103089,760.130000000000,0.267000000000
1466103105,760.060000000000,0.141000000000
1466103106,759.980000000000,64.904700000000
1466103106,759.980000000000,0.242000000000
1466103106,759.980000000000,7.000000000000
1466103125,760.130000000000,49.733000000000
1466103145,761.000000000000,0.262000000000
1466103158,761.000000000000,9.000000000000
1466103170,761.000000000000,0.314000000000
1466103196,760.740000000000,8.220000000000
1466103207,760.070000000000,2.000000000000
1466103208,760.130000000000,2.000000000000
1466103214,760.200000000000,1.149200000000
1466103214,760.130000000000,0.134000000000
1466103214,760.190000000000,0.135000000000
1466103215,760.130000000000,0.152000000000
1466103215,760.130000000000,0.149000000000
1466103215,760.130000000000,0.149000000000
1466103215,760.130000000000,0.138000000000
1466103216,760.130000000000,0.153000000000
1466103216,759.990000000000,0.133000000000
1466103217,760.230000000000,0.131600000000
1466103217,760.130000000000,0.136000000000
1466103217,760.020000000000,0.136000000000
1466103217,760.130000000000,0.133000000000
1466103252,758.980000000000,0.033200000000
1466103270,758.980000000000,0.016000000000
1466103342,758.800000000000,0.152000000000
1466103342,758.800000000000,0.136000000000
1466103342,758.800000000000,0.300000000000
1466103342,758.800000000000,0.135000000000
1466103343,758.800000000000,0.149000000000
1466103343,758.800000000000,0.133000000000
1466103343,758.800000000000,0.138000000000
1466103343,758.800000000000,0.133000000000
1466103343,758.800000000000,0.136000000000
1466103343,758.800000000000,0.149000000000
1466103343,758.800000000000,0.134000000000
1466103344,758.800000000000,0.153000000000
1466103374,758.990000000000,0.113600000000
1466103377,759.000000000000,2.000000000000
1466103378,759.000000000000,2.000000000000
1466103379,759.000000000000,1.590000000000
1466103382,759.000000000000,0.215000000000
1466103387,759.000000000000,4.195000000000
1466103401,760.320000000000,0.090900000000
1466103426,760.160000000000,0.153000000000
1466103436,760.340000000000,0.078000000000
1466103436,760.860000000000,0.060500000000
1466103455,760.170000000000,0.200000000000
1466103531,760.390000000000,0.191800000000
1466103531,760.380000000000,0.153000000000
1466103531,760.370000000000,0.070000000000
1466103533,760.340000000000,0.149000000000
1466103534,760.180000000000,9.000000000000
1466103535,760.150000000000,0.152000000000
1466103535,760.150000000000,0.149000000000
1466103536,760.150000000000,0.136000000000
1466103550,758.650000000000,0.332500000000
1466103551,758.000000000000,5.727200000000
1466103562,758.650000000000,0.116000000000
1466103563,758.650000000000,0.128000000000
1466103565,758.650000000000,0.109000000000
1466103566,758.650000000000,0.110000000000
1466103570,758.650000000000,0.261000000000
1466103584,758.650000000000,0.269000000000
1466103626,758.660000000000,0.010000000000
1466103778,760.490000000000,0.280000000000
1466103811,760.490000000000,0.104400000000
1466103815,760.490000000000,0.037400000000
1466103823,760.490000000000,0.025000000000
1466103823,760.490000000000,0.320000000000
1466103836,760.490000000000,0.519800000000
1466103840,760.490000000000,0.249000000000
1466103845,760.490000000000,0.199000000000
1466103903,761.310000000000,0.024900000000
1466103949,761.310000000000,0.079300000000
1466103974,760.830000000000,0.216000000000
1466104024,761.700000000000,18.945800000000
1466104024,761.310000000000,0.224200000000
1466104027,761.700000000000,2.000000000000
1466104028,761.700000000000,0.435300000000
1466104028,761.100000000000,0.137000000000
1466104029,761.100000000000,1.293700000000
1466104029,761.100000000000,0.134000000000
1466104071,762.000000000000,0.450000000000
1466104077,762.110000000000,0.195000000000
1466104088,763.540000000000,1.022300000000
1466104089,763.540000000000,0.884600000000
1466104090,763.660000000000,5.000000000000
1466104090,763.660000000000,5.000000000000
1466104090,763.660000000000,5.000000000000
1466104090,763.660000000000,5.000000000000
1466104091,763.880000000000,4.000000000000
1466104095,763.880000000000,0.513000000000
1466104105,764.030000000000,5.000000000000
1466104105,764.030000000000,5.000000000000
1466104105,764.030000000000,5.000000000000
1466104105,764.030000000000,5.000000000000
1466104107,764.120000000000,0.106000000000
1466104107,764.120000000000,0.194000000000
1466104112,763.360000000000,0.513000000000
1466104113,763.360000000000,0.253000000000
1466104116,764.010000000000,0.106000000000
1466104117,764.740000000000,0.136000000000
1466104118,764.790000000000,0.123000000000
1466104119,764.790000000000,0.256000000000
1466104120,764.790000000000,0.851100000000
1466104120,764.390000000000,0.104000000000
1466104122,764.800000000000,0.052500000000
1466104138,764.390000000000,0.009000000000
1466104182,765.150000000000,5.000000000000
1466104182,765.150000000000,5.000000000000
1466104182,765.150000000000,5.000000000000
1466104182,765.150000000000,5.000000000000
1466104185,766.000000000000,0.010000000000
1466104196,766.480000000000,0.249000000000
1466104200,766.620000000000,0.301000000000
1466104243,766.750000000000,2.000000000000
1466104247,766.750000000000,0.292000000000
1466104249,766.750000000000,2.000000000000
1466104265,766.750000000000,0.208000000000
1466104266,766.750000000000,0.300000000000
1466104327,767.740000000000,50.000000000000
1466104388,768.120000000000,7.500700000000
1466104413,768.540000000000,0.051000000000
1466104419,768.560000000000,0.051000000000
1466104420,768.920000000000,0.010000000000
1466104431,768.920000000000,0.028100000000
1466104434,768.750000000000,1.000000000000
1466104440,768.580000000000,0.183800000000
1466104440,768.580000000000,1.816200000000
1466104441,768.580000000000,2.000000000000
1466104450,768.750000000000,0.240000000000
1466104468,768.750000000000,0.152000000000
1466104476,768.750000000000,2.000000000000
1466104476,768.750000000000,0.225000000000
1466104478,769.410000000000,0.330000000000
1466104478,768.750000000000,1.383000000000
1466104478,768.920000000000,0.287000000000
1466104495,768.650000000000,0.051000000000
1466104501,768.510000000000,0.051000000000
1466104506,769.400000000000,0.110000000000
1466104523,768.530000000000,0.133000000000
1466104523,768.530000000000,1.010500000000
1466104524,768.510000000000,0.147000000000
1466104526,768.510000000000,0.131000000000
1466104527,768.510000000000,0.152000000000
1466104527,768.510000000000,0.135000000000
1466104528,768.510000000000,0.150000000000
1466104528,768.510000000000,0.134000000000
1466104529,768.510000000000,0.132000000000
1466104582,767.540000000000,0.116000000000
1466104582,767.540000000000,0.148000000000
1466104582,767.540000000000,0.132000000000
1466104582,767.540000000000,0.152000000000
1466104583,767.540000000000,0.135000000000
1466104585,766.740000000000,0.290000000000
1466104594,767.000000000000,0.667000000000
1466104615,766.400000000000,0.218000000000
1466104657,766.240000000000,0.130000000000
1466104661,766.990000000000,0.127000000000
1466104661,767.000000000000,0.030000000000
1466104662,767.000000000000,0.050000000000
1466104663,767.050000000000,0.133000000000
1466104663,767.000000000000,0.020000000000
1466104665,767.120000000000,2.000000000000
1466104666,767.120000000000,0.266000000000
1466104670,767.220000000000,3.653000000000
1466104689,766.060000000000,0.198000000000
1466104741,766.050000000000,0.010000000000
1466104742,766.060000000000,0.010000000000
1466104742,766.050000000000,0.070000000000
1466104812,768.580000000000,0.281300000000
1466104866,768.970000000000,0.137000000000
1466104911,767.450000000000,0.170000000000
1466104911,767.080000000000,0.985100000000
1466104912,767.070000000000,1.014900000000
1466104968,767.650000000000,0.060000000000
1466104969,767.650000000000,0.035300000000
1466105064,765.930000000000,0.040000000000
1466105064,765.930000000000,0.020000000000
1466105065,765.930000000000,0.020000000000
1466105190,767.820000000000,0.139700000000
1466105211,766.910000000000,0.040000000000
1466105211,766.290000000000,0.520200000000
1466105211,766.910000000000,0.010000000000
1466105315,766.130000000000,71.342100000000
1466105315,766.130000000000,0.657900000000
1466105353,766.280000000000,0.056200000000
1466105367,765.720000000000,2.000000000000
1466105397,765.600000000000,0.152000000000
1466105398,764.240000000000,0.139000000000
1466105398,765.060000000000,0.175800000000
1466105398,765.200000000000,0.130000000000
1466105399,763.430000000000,0.159000000000
1466105402,763.000000000000,0.120500000000
1466105406,763.560000000000,0.179900000000
1466105406,763.920000000000,1.508000000000
1466105407,762.840000000000,0.239000000000
1466105411,763.930000000000,0.139000000000
1466105411,763.900000000000,0.027900000000
1466105420,765.080000000000,0.001200000000
1466105544,765.980000000000,0.110000000000
1466105655,765.010000000000,0.001200000000
1466105665,764.560000000000,0.132000000000
1466105665,764.560000000000,0.133000000000
1466105665,764.560000000000,0.147000000000
1466105666,764.560000000000,0.148000000000
1466105666,764.560000000000,0.132000000000
1466105666,764.560000000000,0.135000000000
1466105666,764.560000000000,0.152000000000
1466105666,764.560000000000,0.134000000000
1466105667,764.380000000000,0.151000000000
1466105681,764.560000000000,0.137000000000
1466105681,764.560000000000,0.135000000000
1466105682,764.040000000000,0.045000000000
1466105685,763.950000000000,2.000000000000
1466105707,763.690000000000,0.004500000000
1466105711,763.690000000000,0.045000000000
1466105721,763.920000000000,1.641600000000
1466105807,764.050000000000,0.253700000000
1466105849,763.910000000000,0.041400000000
1466105850,763.910000000000,0.010000000000
1466105850,763.910000000000,0.230000000000
1466105909,764.270000000000,0.033800000000
1466106008,765.830000000000,0.039500000000
1466106043,766.380000000000,0.512000000000
1466106053,766.400000000000,5.000000000000
1466106063,767.500000000000,10.000000000000
1466106064,767.500000000000,10.000000000000
1466106064,767.500000000000,10.000000000000
1466106064,767.500000000000,10.000000000000
1466106065,767.500000000000,10.000000000000
1466106080,767.600000000000,0.104000000000
1466106080,768.040000000000,0.114900000000
1466106081,767.450000000000,0.097000000000
1466106081,767.450000000000,0.111000000000
1466106469,767.960000000000,0.289700000000
1466106573,768.560000000000,0.039300000000
1466106640,769.120000000000,1.500000000000
1466106659,767.780000000000,0.172000000000
1466106664,767.770000000000,0.161000000000
1466106669,767.880000000000,0.072900000000
1466106679,767.770000000000,2.000000000000
1466106735,767.740000000000,0.066300000000
1466106735,767.720000000000,0.113700000000
1466106950,765.530000000000,0.030000000000
1466106970,765.350000000000,0.090000000000
1466106973,765.480000000000,0.040000000000
1466106975,765.480000000000,0.040000000000
1466106976,765.480000000000,0.056800000000
1466107014,766.300000000000,0.473000000000
1466107014,765.740000000000,0.040000000000
1466107021,765.730000000000,0.200000000000
1466107028,765.330000000000,0.463000000000
1466107030,765.330000000000,0.119100000000
1466107047,765.320000000000,0.010000000000
1466107047,765.320000000000,0.010000000000
1466107048,765.330000000000,0.030000000000
1466107048,765.460000000000,0.647300000000
1466107048,766.020000000000,3.900000000000
1466107049,765.840000000000,0.414400000000
1466107050,765.410000000000,0.122900000000
1466107050,765.410000000000,0.110000000000
1466107079,765.720000000000,0.096000000000
1466107083,766.110000000000,0.020000000000
1466107083,766.310000000000,0.050000000000
1466107088,766.860000000000,0.061000000000
1466107090,766.550000000000,0.164000000000
1466107094,766.710000000000,0.210000000000
1466107112,766.280000000000,1.069600000000
1466107112,766.560000000000,0.240000000000
1466107112,766.560000000000,0.010000000000
1466107112,766.570000000000,0.161900000000
1466107115,765.690000000000,0.628100000000
1466107136,765.260000000000,0.457700000000
1466107136,765.260000000000,1.004600000000
1466107149,765.430000000000,1.037000000000
1466107150,765.430000000000,0.100000000000
1466107151,765.240000000000,0.218100000000
1466107151,765.240000000000,0.818900000000
1466107153,765.240000000000,0.185000000000
1466107157,765.240000000000,0.488700000000
1466107159,765.240000000000,0.149000000000
1466107240,766.900000000000,0.100000000000
1466107268,766.680000000000,0.050000000000
1466107269,766.680000000000,0.053600000000
1466107354,765.280000000000,0.060000000000
1466107354,765.280000000000,0.010000000000
1466107354,765.270000000000,0.020000000000
1466107354,765.240000000000,0.031500000000
1466107354,765.000000000000,0.151000000000
1466107363,764.990000000000,0.046100000000
1466107389,764.800000000000,0.078000000000
1466107390,764.800000000000,0.168000000000
1466107401,764.770000000000,0.195000000000
1466107401,764.800000000000,0.010000000000
1466107407,764.440000000000,0.211000000000
1466107425,762.920000000000,0.238000000000
1466107436,762.430000000000,0.126000000000
1466107446,761.310000000000,0.328400000000
1466107446,761.320000000000,4.000000000000
1466107453,761.030000000000,2.000000000000
1466107464,760.440000000000,0.111000000000
1466107464,759.970000000000,0.157000000000
1466107465,759.960000000000,0.010000000000
1466107466,759.880000000000,0.110000000000
1466107469,760.390000000000,0.280000000000
1466107475,759.880000000000,0.140000000000
1466107479,759.820000000000,0.240000000000
1466107480,759.820000000000,0.151000000000
1466107487,759.350000000000,0.499800000000
1466107487,759.470000000000,0.146000000000
1466107487,759.360000000000,0.124000000000
1466107488,759.300000000000,0.131000000000
1466107497,759.300000000000,0.141000000000
1466107498,759.300000000000,0.338000000000
1466107500,759.300000000000,0.030000000000
1466107502,759.300000000000,0.391800000000
1466107506,759.680000000000,0.108200000000
1466107515,759.480000000000,0.083000000000
1466107515,759.670000000000,0.098000000000
1466107516,759.780000000000,0.100000000000
1466107516,759.670000000000,0.088000000000
1466107531,759.670000000000,0.010000000000
1466107531,759.500000000000,0.071000000000
1466107546,759.670000000000,0.119000000000
1466107562,759.670000000000,0.111000000000
1466107562,759.660000000000,0.086300000000
1466107567,759.080000000000,0.116000000000
1466107574,759.280000000000,0.119000000000
1466107575,759.650000000000,0.086000000000
1466107575,759.480000000000,0.073000000000
1466107575,759.650000000000,0.157300000000
1466107576,760.160000000000,0.063000000000
1466107576,759.890000000000,0.205400000000
1466107576,759.770000000000,0.061000000000
1466107576,759.890000000000,0.319700000000
1466107576,759.770000000000,0.134100000000
1466107579,760.290000000000,0.175000000000
1466107584,759.720000000000,0.133000000000
1466107595,759.720000000000,0.203000000000
1466107606,759.730000000000,0.212000000000
1466107608,759.750000000000,0.094000000000
1466107611,760.810000000000,0.124600000000
1466107611,760.830000000000,0.100000000000
1466107616,760.940000000000,0.086000000000
1466107628,761.280000000000,0.021600000000
1466107629,760.940000000000,0.202400000000
1466107631,760.940000000000,0.175000000000
1466107687,760.950000000000,0.050000000000
1466107699,760.740000000000,0.159000000000
1466107699,760.740000000000,0.155700000000
1466107732,760.070000000000,0.128000000000
1466107734,760.000000000000,0.220000000000
1466107739,759.740000000000,0.347000000000
1466107744,759.620000000000,0.231000000000
1466107758,759.260000000000,0.304000000000
1466107773,759.090000000000,4.000000000000
1466107773,759.080000000000,0.070000000000
1466107780,758.920000000000,0.151000000000
1466107785,759.070000000000,0.290000000000
1466107870,760.740000000000,0.184700000000
1466107934,760.130000000000,50.000000000000
1466107934,760.950000000000,1.169500000000
1466107936,759.780000000000,0.596400000000
1466107936,759.780000000000,0.596400000000
1466107938,759.780000000000,0.224000000000
1466107947,760.030000000000,0.265000000000
1466107981,760.030000000000,0.020000000000
1466108045,761.720000000000,0.198000000000
1466108126,761.850000000000,0.026600000000
1466108132,761.640000000000,0.050000000000
1466108133,762.390000000000,0.188000000000
1466108171,763.450000000000,2.000000000000
1466108237,764.050000000000,1.077200000000
1466108243,764.260000000000,0.027100000000
1466108254,763.710000000000,0.148000000000
1466108293,763.740000000000,0.073000000000
1466108295,763.850000000000,4.000000000000
1466108296,763.850000000000,0.154000000000
1466108315,763.850000000000,0.193000000000
1466108331,763.340000000000,0.030000000000
1466108331,763.850000000000,0.020000000000
1466108335,762.110000000000,0.220000000000
1466108337,762.110000000000,0.030000000000
1466108342,762.100000000000,0.415100000000
1466108346,762.090000000000,1.033400000000
1466108346,762.100000000000,0.074800000000
1466108534,763.640000000000,0.116000000000
1466108534,763.640000000000,0.020000000000
1466108534,763.650000000000,0.640800000000
1466108538,763.280000000000,0.002400000000
1466108546,763.280000000000,0.588300000000
1466108551,763.000000000000,2.000000000000
1466108637,763.100000000000,2.000000000000
1466108638,763.060000000000,2.000000000000
1466108639,762.980000000000,2.000000000000
1466108639,763.000000000000,23.660000000000
1466108641,763.150000000000,0.007900000000
1466108661,763.140000000000,0.524800000000
1466108736,764.490000000000,0.022100000000
1466108736,764.430000000000,0.101000000000
1466108848,764.510000000000,0.238000000000
1466108857,764.510000000000,0.207000000000
1466108928,764.830000000000,0.119100000000
1466108944,764.830000000000,0.452100000000
1466108949,764.520000000000,0.090000000000
1466108949,764.030000000000,0.093000000000
1466108949,763.980000000000,0.085000000000
1466108952,763.900000000000,0.162000000000
1466109073,764.990000000000,67.602100000000
1466109073,765.000000000000,0.641800000000
1466109074,764.990000000000,7.397900000000
1466109078,764.390000000000,0.642300000000
1466109151,764.970000000000,0.144000000000
1466109190,764.970000000000,0.166000000000
1466109258,764.760000000000,0.172000000000
1466109614,765.000000000000,0.149000000000
1466109709,765.620000000000,0.155000000000
1466109714,765.620000000000,0.134000000000
1466110131,766.140000000000,0.078000000000
1466110132,766.200000000000,0.130700000000
1466110132,766.190000000000,0.080000000000
1466110132,766.220000000000,0.139500000000
1466110148,766.550000000000,0.640300000000
1466110201,766.210000000000,0.060000000000
1466110201,766.530000000000,0.061000000000
1466110202,766.530000000000,0.464800000000
1466110219,766.260000000000,0.764700000000
1466110321,766.560000000000,0.057000000000
1466110321,766.600000000000,0.011500000000
1466110360,765.860000000000,0.417500000000
1466110366,765.630000000000,0.198000000000
1466110403,764.470000000000,0.153000000000
1466110407,764.460000000000,0.130000000000
1466110423,764.470000000000,0.112000000000
1466110427,764.460000000000,0.185000000000
1466110437,764.130000000000,0.133000000000
1466110444,764.000000000000,0.179000000000
1466110457,764.010000000000,0.167000000000
1466110477,764.000000000000,9.821000000000
1466110477,764.000000000000,0.078000000000
1466110478,763.240000000000,0.068000000000
1466110478,763.640000000000,0.081000000000
1466110480,763.130000000000,0.077000000000
1466110482,763.120000000000,0.190000000000
1466110490,763.110000000000,0.131900000000
1466110491,763.130000000000,0.012100000000
1466110494,763.200000000000,0.220000000000
1466110509,764.070000000000,4.000000000000
1466110624,763.260000000000,0.362900000000
1466110640,763.210000000000,0.362800000000
1466110655,763.240000000000,0.125700000000
1466110811,763.060000000000,0.100000000000
1466110811,763.060000000000,0.010000000000
1466110812,763.250000000000,0.163800000000
1466110912,763.220000000000,0.129000000000
1466110926,762.980000000000,0.084000000000
1466110932,763.200000000000,0.165000000000
1466111081,764.210000000000,0.140700000000
1466111081,764.220000000000,0.082000000000
1466111082,763.920000000000,0.469800000000
1466111082,764.160000000000,0.057000000000
1466111082,764.200000000000,0.010000000000
1466111082,763.910000000000,0.600600000000
1466111083,763.910000000000,0.080000000000
1466111085,763.910000000000,0.125000000000
1466111089,763.910000000000,0.108000000000
1466111149,764.150000000000,0.020000000000
1466111151,763.670000000000,0.053000000000
1466111152,763.670000000000,0.112000000000
1466111247,764.940000000000,0.049000000000
1466111247,764.510000000000,0.057000000000
1466111248,765.220000000000,0.164900000000
1466111248,765.170000000000,0.061000000000
1466111248,765.180000000000,0.242600000000
1466111276,763.710000000000,0.106000000000
1466111398,764.230000000000,0.217000000000
1466111426,763.970000000000,0.385200000000
1466111448,765.250000000000,0.063000000000
1466111448,764.940000000000,0.068000000000
1466111449,765.260000000000,0.074300000000
1466111490,765.260000000000,0.042800000000
1466111522,764.330000000000,0.296400000000
1466111526,764.280000000000,0.030100000000
1466111592,764.250000000000,0.135000000000
1466111643,764.250000000000,0.140000000000
1466111655,764.250000000000,0.150000000000
1466111714,763.600000000000,0.136000000000
1466111852,764.460000000000,2.000000000000
1466111864,764.140000000000,1.167600000000
1466111864,764.150000000000,0.070000000000
1466111866,764.290000000000,0.887100000000
1466111891,764.620000000000,0.038000000000
1466111960,764.620000000000,0.011300000000
1466111982,765.420000000000,0.060700000000
1466111982,765.370000000000,0.055000000000
1466111982,765.410000000000,0.074000000000
1466111998,765.410000000000,0.128200000000
1466111998,765.380000000000,0.090000000000
1466111998,765.390000000000,0.081000000000
1466112038,765.420000000000,0.433400000000
1466112055,765.390000000000,0.094000000000
1466112056,765.420000000000,0.329100000000
1466112062,765.420000000000,0.931300000000
1466112081,764.710000000000,0.578700000000
1466112082,764.550000000000,0.020000000000
1466112082,764.540000000000,0.020000000000
1466112083,764.280000000000,0.060000000000
1466112087,764.130000000000,0.094000000000
1466112089,763.850000000000,0.135000000000
1466112095,764.110000000000,0.154000000000
1466112111,764.110000000000,0.020000000000
1466112172,765.490000000000,0.086000000000
1466112173,765.850000000000,0.061000000000
1466112173,765.830000000000,0.071000000000
1466112173,765.860000000000,0.326900000000
1466112221,765.770000000000,0.050000000000
1466112319,765.770000000000,0.020000000000
1466112319,765.770000000000,0.040200000000
1466112320,765.770000000000,0.030000000000
1466112381,765.500000000000,0.011300000000
1466112427,766.220000000000,0.085000000000
1466112427,765.840000000000,0.088000000000
1466112427,766.710000000000,0.061000000000
1466112427,765.860000000000,0.062000000000
1466112428,767.060000000000,0.381600000000
1466112428,767.070000000000,3.897000000000
1466112428,767.080000000000,0.089000000000
1466112430,767.290000000000,0.102000000000
1466112430,767.290000000000,0.175300000000
1466112431,767.290000000000,0.168000000000
1466112438,767.530000000000,4.000000000000
1466112438,767.540000000000,0.091000000000
1466112438,767.560000000000,0.064000000000
1466112439,767.740000000000,50.000000000000
1466112442,767.770000000000,0.192000000000
1466112443,767.770000000000,0.099000000000
1466112495,767.780000000000,0.182000000000
1466112506,767.770000000000,0.245000000000
1466112517,766.430000000000,1.121100000000
1466112521,766.380000000000,0.219000000000
1466112523,766.380000000000,0.571700000000
1466112542,766.700000000000,0.067600000000
1466112603,766.470000000000,0.020000000000
1466112624,767.920000000000,2.000000000000
1466112624,767.920000000000,0.258000000000
1466112625,768.010000000000,4.000000000000
1466112625,768.020000000000,0.107000000000
1466112626,768.080000000000,0.050000000000
1466112626,768.140000000000,0.129000000000
1466112643,768.320000000000,0.472200000000
1466112698,768.640000000000,0.353400000000
1466112735,768.620000000000,0.069600000000
1466112869,767.990000000000,2.000000000000
1466112917,768.120000000000,0.130100000000
1466113126,768.100000000000,0.123000000000
1466113126,768.100000000000,0.010000000000
1466113127,768.060000000000,0.030000000000
1466113127,768.070000000000,0.119000000000
1466113129,767.920000000000,0.188000000000
1466113135,768.090000000000,0.116000000000
1466113136,767.810000000000,0.028000000000
1466113136,767.920000000000,0.248000000000
1466113139,767.810000000000,0.216000000000
1466113144,768.010000000000,0.010000000000
1466113216,768.040000000000,0.103000000000
1466113217,768.010000000000,4.000000000000
1466113222,768.120000000000,0.164000000000
1466113232,768.120000000000,0.040000000000
1466113242,768.920000000000,0.020000000000
1466113242,768.920000000000,0.325100000000
1466113257,769.410000000000,0.188000000000
1466113270,769.410000000000,0.202000000000
1466113320,769.410000000000,0.149000000000
1466113327,769.410000000000,0.148000000000
1466113333,769.410000000000,3.983000000000
1466113333,769.410000000000,0.040000000000
1466113338,769.690000000000,0.133000000000
1466113362,769.690000000000,0.166000000000
1466113369,769.690000000000,0.146000000000
1466113389,769.690000000000,4.555000000000
1466113389,769.690000000000,5.000000000000
1466113390,769.690000000000,5.000000000000
1466113390,769.690000000000,5.000000000000
1466113390,769.690000000000,5.000000000000
1466113412,769.900000000000,0.020000000000
1466113412,769.900000000000,0.290300000000
1466113413,769.890000000000,1.689700000000
1466113421,769.550000000000,0.020000000000
1466113421,769.930000000000,0.020000000000
1466113422,769.540000000000,1.960000000000
1466113429,769.870000000000,0.139000000000
1466113441,769.870000000000,0.115000000000
1466113511,769.220000000000,0.177000000000
1466113519,769.000000000000,0.151000000000
1466113569,769.560000000000,0.070000000000
1466113593,770.000000000000,0.047000000000
1466113630,770.000000000000,5.000000000000
1466113630,770.000000000000,5.000000000000
1466113630,770.000000000000,4.953000000000
1466113630,770.000000000000,5.000000000000
1466113630,770.000000000000,5.000000000000
1466113681,770.960000000000,0.013400000000
1466113687,770.960000000000,0.174000000000
1466113702,771.340000000000,3.348800000000
1466113717,771.160000000000,0.017100000000
1466113813,771.330000000000,0.496100000000
1466113818,771.330000000000,0.938900000000
1466113849,771.020000000000,0.020000000000
1466113849,771.020000000000,0.020000000000
1466113854,771.000000000000,0.140000000000
1466113868,771.000000000000,0.010000000000
1466113868,771.000000000000,0.020000000000
1466113908,771.260000000000,0.015000000000
1466114034,771.260000000000,0.020000000000
1466114035,771.740000000000,1.885100000000
1466114035,771.260000000000,0.050000000000
1466114035,771.730000000000,1.169600000000
1466114284,770.930000000000,0.020000000000
1466114285,770.930000000000,0.020000000000
1466114285,770.930000000000,0.010000000000
1466114332,771.210000000000,0.067600000000
1466114348,771.230000000000,0.030000000000
1466114348,771.230000000000,0.010000000000
1466114349,771.460000000000,0.000900000000
1466114379,770.090000000000,0.161000000000
1466114383,770.060000000000,0.165000000000
1466114403,770.060000000000,0.010000000000
1466114424,770.000000000000,0.670700000000
1466114436,770.000000000000,1.000000000000
1466114436,770.000000000000,0.319300000000
1466114436,770.000000000000,0.680700000000
1466114442,769.610000000000,2.000000000000
1466114450,769.990000000000,0.100000000000
1466114454,769.980000000000,0.004700000000
1466114473,769.110000000000,0.225000000000
1466114519,769.590000000000,0.107000000000
1466114519,769.560000000000,0.225300000000
1466114520,769.640000000000,0.103000000000
1466114521,769.640000000000,0.084000000000
1466114529,769.270000000000,0.170000000000
1466114540,769.270000000000,0.191000000000
1466114553,769.270000000000,0.190000000000
1466114570,769.270000000000,0.010000000000
1466114593,769.100000000000,14.679500000000
1466114611,768.720000000000,0.010000000000
1466114611,768.720000000000,0.010000000000
1466114636,769.510000000000,0.030000000000
1466114651,768.650000000000,0.140000000000
1466114652,767.410000000000,0.998000000000
1466114652,767.740000000000,0.111000000000
1466114652,768.160000000000,0.095000000000
1466114653,767.400000000000,2.533600000000
1466114656,768.570000000000,0.215000000000
1466114679,768.560000000000,0.813100000000
1466114709,768.660000000000,0.010000000000
1466114774,768.750000000000,0.906400000000
1466114925,768.400000000000,0.158000000000
1466114979,768.630000000000,0.106000000000
1466114979,769.060000000000,0.101000000000
1466114982,768.550000000000,0.220000000000
1466115019,768.540000000000,0.022400000000
1466115108,767.820000000000,0.179000000000
1466115115,767.820000000000,0.041500000000
1466115127,767.820000000000,0.010000000000
1466115147,768.100000000000,0.167000000000
1466115149,768.100000000000,2.000000000000
1466115150,768.100000000000,0.166000000000
1466115151,768.990000000000,0.858800000000
1466115151,769.000000000000,0.975200000000
1466115205,768.990000000000,0.078600000000
1466115282,768.980000000000,0.100500000000
1466115296,768.520000000000,50.000000000000
1466115304,768.720000000000,0.168200000000
1466115445,768.560000000000,0.932700000000
1466115499,768.010000000000,0.879000000000
1466115500,768.010000000000,0.330000000000
1466115534,768.310000000000,0.170000000000
1466115573,767.820000000000,0.132000000000
1466115576,767.820000000000,0.126000000000
1466115580,767.820000000000,0.143000000000
1466115580,767.810000000000,0.010000000000
1466115588,767.820000000000,0.050400000000
1466115641,768.020000000000,0.106000000000
1466115641,768.080000000000,0.060000000000
1466115746,768.320000000000,0.124000000000
1466115778,767.270000000000,0.142000000000
1466115873,767.300000000000,0.128000000000
1466115947,767.300000000000,0.112400000000
1466116045,768.980000000000,0.009000000000
1466116145,768.570000000000,0.026900000000
1466116432,769.150000000000,0.825300000000
1466116590,770.000000000000,0.126000000000
1466116597,770.000000000000,0.119000000000
1466116608,769.930000000000,0.100000000000
1466116612,769.930000000000,0.111000000000
1466116681,770.000000000000,0.074300000000
1466116682,770.000000000000,0.027700000000
1466116691,770.000000000000,0.100000000000
1466116709,770.000000000000,0.872300000000
1466116710,770.000000000000,1.000000000000
1466116710,770.000000000000,1.000000000000
1466116710,770.000000000000,1.000000000000
1466116710,770.000000000000,1.000000000000
1466116710,770.000000000000,1.000000000000
1466116729,771.000000000000,1.000000000000
1466116729,771.000000000000,1.000000000000
1466116729,771.000000000000,1.000000000000
1466116730,771.300000000000,1.000000000000
1466116730,771.300000000000,1.000000000000
1466116730,771.300000000000,1.000000000000
1466116813,773.330000000000,0.102000000000
1466116889,772.480000000000,0.103000000000
1466116897,772.080000000000,0.104000000000
1466116976,772.580000000000,0.044600000000
1466117076,772.880000000000,2.000000000000
1466117266,772.740000000000,2.000000000000
1466117361,772.680000000000,0.393700000000
1466117383,772.100000000000,0.039000000000
1466117457,772.710000000000,0.026800000000
1466117487,771.440000000000,0.114000000000
1466117506,771.510000000000,0.100000000000
1466117509,771.570000000000,0.115000000000
1466117513,771.750000000000,0.060000000000
1466117515,771.750000000000,0.104000000000
1466117532,771.540000000000,0.060000000000
1466117535,771.490000000000,0.120000000000
1466117575,771.170000000000,0.064000000000
1466117578,771.170000000000,0.112000000000
1466117592,770.800000000000,0.024000000000
1466117792,772.340000000000,0.120000000000
1466117891,772.760000000000,0.222700000000
1466118080,773.000000000000,0.103000000000
1466118100,773.000000000000,0.897000000000
1466118115,772.540000000000,0.919900000000
1466118118,772.120000000000,0.326200000000
1466118120,772.120000000000,0.715200000000
1466118135,773.220000000000,0.060500000000
1466118167,772.440000000000,0.200000000000
1466118199,771.330000000000,0.113000000000
1466118212,771.260000000000,0.066900000000
1466118279,771.250000000000,2.000000000000
1466118281,770.790000000000,2.000000000000
1466118315,770.880000000000,0.040000000000
1466118316,771.070000000000,0.319200000000
1466118351,768.320000000000,0.108000000000
1466118356,768.320000000000,0.121000000000
1466118394,767.950000000000,0.058000000000
1466118394,767.740000000000,0.124000000000
1466118395,768.350000000000,0.057000000000
1466118395,768.520000000000,0.370700000000
1466118395,768.520000000000,0.476400000000
1466118421,767.940000000000,0.156000000000
1466118440,767.930000000000,0.111000000000
1466118445,767.930000000000,0.131000000000
1466118447,767.750000000000,0.112000000000
1466118449,767.750000000000,0.111000000000
1466118471,767.790000000000,0.154500000000
1466118579,768.840000000000,0.113400000000
1466118684,768.250000000000,0.123400000000
1466118826,768.840000000000,0.125000000000
1466118872,768.840000000000,0.107000000000
1466118877,768.840000000000,0.110000000000
1466119080,767.940000000000,0.032000000000
1466119081,768.410000000000,0.044000000000
1466119083,768.810000000000,1.924000000000
1466119084,767.860000000000,0.076000000000
1466119096,767.860000000000,0.103000000000
1466119116,767.850000000000,0.107000000000
1466119167,768.000000000000,18.000000000000
1466119226,768.000000000000,0.109000000000
1466119770,766.690000000000,0.101000000000
1466119776,766.690000000000,0.104000000000
1466119991,766.540000000000,0.048000000000
1466119994,767.540000000000,0.032000000000
1466119994,767.010000000000,0.044000000000
1466119994,767.750000000000,0.047000000000
1466119995,766.660000000000,0.100000000000
1466119995,767.760000000000,0.007000000000
1466120229,766.070000000000,0.120000000000
1466120306,765.370000000000,0.042000000000
1466120306,765.820000000000,0.058000000000
1466120308,764.870000000000,0.126000000000
1466120315,764.530000000000,0.110000000000
1466120320,764.820000000000,0.056000000000
1466120321,764.530000000000,0.133000000000
1466120348,765.260000000000,0.044000000000
1466120371,762.800000000000,0.836700000000
1466120372,762.710000000000,1.483000000000
1466120375,762.770000000000,0.056000000000
1466120377,762.770000000000,0.067000000000
1466120377,762.770000000000,0.171000000000
1466120378,762.770000000000,2.000000000000
1466120383,762.700000000000,0.130000000000
1466120426,762.670000000000,0.110000000000
1466120465,762.550000000000,0.068000000000
1466120554,763.450000000000,0.271300000000
1466120622,763.780000000000,0.140000000000
1466120869,763.940000000000,0.050000000000
1466120869,763.950000000000,0.066000000000
1466120870,763.910000000000,0.046000000000
1466120870,763.800000000000,0.436400000000
1466120871,763.310000000000,0.060000000000
1466121059,765.200000000000,0.105000000000
1466121091,765.200000000000,0.101000000000
1466121101,765.200000000000,0.104000000000
1466121137,765.420000000000,0.038000000000
1466121174,766.030000000000,0.036000000000
1466121555,767.000000000000,0.042000000000
1466121556,767.170000000000,0.046000000000
1466121556,767.180000000000,2.868600000000
1466121556,767.160000000000,0.092800000000
1466121734,767.500000000000,0.037000000000
1466121805,767.950000000000,2.000000000000
1466122447,768.000000000000,2.000000000000
1466122449,768.000000000000,29.891000000000
1466122504,769.790000000000,0.038000000000
1466122504,769.760000000000,0.042000000000
1466122505,769.760000000000,0.118000000000
1466122515,770.000000000000,0.561100000000
1466122662,769.500000000000,2.000000000000
1466122736,769.010000000000,1.009000000000
1466123040,769.050000000000,0.026000000000
1466123040,769.490000000000,0.007000000000
1466123187,767.680000000000,0.200000000000
1466123280,766.310000000000,0.033000000000
1466123280,765.830000000000,0.039000000000
1466123280,766.280000000000,0.027000000000
1466123282,765.800000000000,2.000000000000
1466123571,768.300000000000,0.908000000000
1466123573,767.760000000000,0.110000000000
1466123578,766.800000000000,0.353800000000
1466123578,766.980000000000,0.029000000000
1466123579,766.710000000000,0.464000000000
1466123585,766.710000000000,0.029000000000
1466123644,767.060000000000,0.485000000000
1466123703,767.760000000000,0.110000000000
1466123791,767.820000000000,0.031000000000
1466123866,769.130000000000,0.031000000000
1466123982,769.100000000000,0.029000000000
1466124151,769.930000000000,0.023000000000
1466124152,769.990000000000,0.016300000000
1466124220,769.990000000000,0.013700000000
1466124220,769.940000000000,0.027000000000
1466124220,770.000000000000,49.438900000000
1466124378,769.580000000000,0.024000000000
1466124414,769.570000000000,0.198000000000
1466125008,768.160000000000,0.030000000000
1466125180,770.650000000000,0.299400000000
1466125202,769.950000000000,10.000000000000
1466125384,770.740000000000,0.031000000000
1466125503,771.120000000000,12.948000000000
1466125503,771.120000000000,0.028000000000
1466125503,771.130000000000,0.024000000000
1466125530,771.260000000000,0.100000000000
1466125538,771.160000000000,0.027000000000
1466125538,771.100000000000,0.025000000000
1466125548,770.810000000000,10.000000000000
1466125550,770.740000000000,0.100000000000
1466125551,770.740000000000,0.027000000000
1466125560,770.740000000000,10.000000000000
1466125574,771.260000000000,0.033100000000
1466125659,772.210000000000,0.010000000000
1466125659,772.170000000000,9.990000000000
1466125758,772.050000000000,0.027000000000
1466125759,772.200000000000,0.025000000000
1466125759,772.210000000000,9.948000000000
1466125817,771.650000000000,0.023000000000
1466125817,771.650000000000,0.244200000000
1466125818,771.660000000000,4.732800000000
1466125952,771.600000000000,0.025000000000
1466126050,772.200000000000,0.029000000000
1466126050,772.030000000000,0.034000000000
1466126051,772.490000000000,0.023000000000
1466126051,772.210000000000,2.042000000000
1466126316,773.000000000000,3.000000000000
1466126429,771.860000000000,1.051600000000
1466126430,773.000000000000,1.000000000000
1466126550,772.690000000000,10.000000000000
1466126561,772.650000000000,10.000000000000
1466126634,772.820000000000,10.000000000000
1466126664,772.880000000000,10.000000000000
1466126997,772.210000000000,10.000000000000
1466127104,768.780000000000,0.794400000000
1466127105,765.830000000000,0.037000000000
1466127105,766.310000000000,0.025000000000
1466127105,765.410000000000,0.037000000000
1466127106,764.490000000000,0.028000000000
1466127106,764.910000000000,0.037000000000
1466127106,765.190000000000,0.200000000000
1466127107,763.560000000000,0.024000000000
1466127107,764.050000000000,0.035000000000
1466127107,764.350000000000,0.130000000000
1466127108,762.410000000000,0.652600000000
1466127146,769.180000000000,0.029000000000
1466127146,769.690000000000,0.178400000000
1466127147,769.690000000000,0.024000000000
1466127148,769.690000000000,0.020000000000
1466127150,769.690000000000,0.020000000000
1466127170,769.700000000000,0.029000000000
1466127367,770.050000000000,0.060000000000
1466127368,770.050000000000,0.010000000000
1466127368,770.050000000000,0.020000000000
1466127368,770.050000000000,0.020000000000
1466127405,769.300000000000,0.060000000000
1466127441,769.100000000000,0.028000000000
1466127497,770.160000000000,0.720400000000
1466127596,771.610000000000,0.032000000000
1466127596,771.090000000000,0.035000000000
1466127597,771.700000000000,0.034000000000
1466127597,771.710000000000,9.899000000000
1466127611,771.690000000000,10.000000000000
1466127624,771.590000000000,10.000000000000
1466127665,771.800000000000,10.000000000000
1466127677,771.920000000000,10.000000000000
1466127846,771.190000000000,0.340000000000
1466127847,770.730000000000,0.050000000000
1466127849,770.850000000000,9.900000000000
1466127849,770.730000000000,0.100000000000
1466127867,770.730000000000,0.838100000000
1466127868,770.740000000000,9.161900000000
1466127878,770.780000000000,0.211500000000
1466127879,770.790000000000,9.788500000000
1466127888,771.040000000000,10.000000000000
1466127930,771.550000000000,10.000000000000
1466127943,771.370000000000,10.000000000000
1466128079,771.530000000000,0.080000000000
1466128350,771.660000000000,0.032000000000
1466128351,771.690000000000,9.968000000000
1466128361,771.170000000000,10.000000000000
1466128377,771.150000000000,0.323800000000
1466128378,771.630000000000,0.130000000000
1466128378,771.710000000000,2.625300000000
1466128378,771.660000000000,6.920900000000
1466128462,771.640000000000,2.814000000000
1466128727,771.370000000000,0.140000000000
1466128760,771.370000000000,0.360000000000
1466128941,771.030000000000,0.042000000000
1466128941,771.000000000000,0.042000000000
1466128950,770.620000000000,0.031000000000
1466129161,773.000000000000,2.000000000000
1466129162,773.000000000000,2.000000000000
1466129169,773.000000000000,42.000000000000
1466129774,773.660000000000,2.000000000000
1466130126,773.910000000000,0.200000000000
1466130127,774.000000000000,4.900000000000
1466130152,775.000000000000,5.000000000000
1466130152,775.000000000000,0.110000000000
1466130187,775.410000000000,0.026000000000
1466130188,775.280000000000,0.035000000000
1466130188,775.270000000000,10.104600000000
1466130190,775.410000000000,0.035000000000
1466130236,775.410000000000,49.939000000000
1466130407,775.410000000000,0.061000000000
1466130428,775.070000000000,0.030000000000
1466130428,775.070000000000,0.010000000000
1466130753,774.380000000000,0.200000000000
1466130755,775.000000000000,2.000000000000
1466130756,775.000000000000,2.000000000000
1466130779,774.700000000000,0.052300000000
1466130875,773.700000000000,0.066700000000
1466130924,774.420000000000,0.172000000000
1466130924,773.380000000000,49.930000000000
1466131125,774.470000000000,0.974100000000
1466131143,773.530000000000,0.309200000000
1466131224,774.940000000000,15.541200000000
1466131233,775.910000000000,0.022000000000
1466131233,775.910000000000,0.023000000000
1466131234,776.300000000000,0.027000000000
1466131235,776.610000000000,0.321900000000
1466131235,776.720000000000,0.025000000000
1466131235,776.760000000000,0.032000000000
1466131240,776.820000000000,0.316700000000
1466131240,777.090000000000,0.024000000000
1466131247,777.230000000000,0.035000000000
1466131251,775.980000000000,0.029000000000
1466131256,775.980000000000,0.024000000000
1466131300,776.540000000000,0.198000000000
1466131302,776.250000000000,1.063300000000
1466131302,776.250000000000,0.110000000000
1466131303,775.750000000000,0.031000000000
1466131323,775.560000000000,0.010000000000
1466131341,776.080000000000,0.030000000000
1466131341,775.370000000000,0.170300000000
1466131341,775.710000000000,0.027000000000
1466131341,775.580000000000,0.037000000000
1466131341,775.360000000000,0.039000000000
1466131683,774.940000000000,0.015400000000
1466131846,775.710000000000,0.010000000000
1466131982,775.570000000000,0.010000000000
1466131982,775.570000000000,0.010000000000
1466132308,774.790000000000,0.080000000000
1466132308,774.800000000000,0.033000000000
1466132308,774.790000000000,0.030000000000
1466132356,775.590000000000,0.032000000000
1466132361,774.230000000000,0.406200000000
1466132368,773.260000000000,0.406700000000
1466132369,774.070000000000,0.025000000000
1466132369,773.960000000000,0.030000000000
1466132388,774.430000000000,0.643900000000
1466132388,773.680000000000,0.040000000000
1466132388,774.110000000000,0.038000000000
1466132389,774.570000000000,0.034000000000
1466132389,774.440000000000,0.040000000000
1466132389,774.570000000000,0.671300000000
1466132389,774.840000000000,0.120000000000
1466132389,774.440000000000,0.032000000000
1466132390,774.850000000000,0.026000000000
1466132391,774.850000000000,0.010000000000
1466132391,774.850000000000,0.032000000000
1466132394,775.130000000000,0.010000000000
1466132400,774.050000000000,0.010000000000
1466132426,773.270000000000,0.030000000000
1466132434,772.930000000000,0.035000000000
1466132436,772.930000000000,0.042000000000
1466132449,772.930000000000,0.505000000000
1466132465,772.920000000000,0.146800000000
1466132473,773.270000000000,0.030000000000
1466132516,773.910000000000,0.037000000000
1466132518,773.910000000000,0.033000000000
1466132687,773.790000000000,10.000000000000
1466132688,773.790000000000,0.100000000000
1466132688,773.240000000000,0.120000000000
1466132754,773.480000000000,0.033000000000
1466132755,773.480000000000,0.060000000000
1466132756,773.110000000000,0.032000000000
1466132756,773.120000000000,0.130000000000
1466132756,772.940000000000,0.910400000000
1466132757,772.920000000000,0.038000000000
1466132757,772.670000000000,0.030000000000
1466132757,772.820000000000,0.038000000000
1466132763,772.300000000000,0.026000000000
1466132764,772.150000000000,2.000000000000
1466133057,773.430000000000,2.000000000000
1466133057,773.490000000000,10.000000000000
1466133692,774.470000000000,0.026000000000
1466133692,774.400000000000,0.024000000000
1466133692,774.480000000000,1.000000000000
1466133693,774.720000000000,0.025000000000
1466133693,774.720000000000,0.022000000000
1466133694,774.720000000000,0.034000000000
1466133901,774.060000000000,0.034000000000
1466134376,774.000000000000,2.500000000000
1466134376,774.010000000000,0.040000000000
1466134393,773.050000000000,0.025000000000
1466134961,774.010000000000,0.034000000000
1466134981,774.390000000000,0.036000000000
1466135059,774.110000000000,0.044900000000
1466135086,773.330000000000,0.010000000000
1466135119,772.520000000000,0.033000000000
1466135120,772.530000000000,0.020000000000
1466135120,772.530000000000,0.050000000000
1466135120,772.530000000000,0.031000000000
1466135179,772.330000000000,0.020000000000
1466135365,772.960000000000,0.036000000000
1466135365,772.800000000000,0.033000000000
1466135366,772.560000000000,0.027000000000
1466135366,772.160000000000,0.028000000000
1466135428,772.160000000000,0.031000000000
1466135678,772.580000000000,0.045400000000
1466135688,772.580000000000,0.030500000000
1466135702,772.580000000000,0.010000000000
1466135702,772.580000000000,0.010000000000
1466135703,772.580000000000,0.020000000000
1466135803,772.560000000000,0.060000000000
1466135803,772.560000000000,0.010000000000
1466135976,773.030000000000,0.100000000000
1466136077,773.430000000000,0.020000000000
1466136624,773.100000000000,0.051000000000
1466136776,773.000000000000,1.000000000000
1466136776,773.100000000000,0.949000000000
1466136806,772.900000000000,1.000000000000
1466136916,772.000000000000,0.027000000000
1466136940,772.130000000000,0.030000000000
1466137163,772.000000000000,0.051000000000
1466137545,772.000000000000,0.922000000000
1466137546,772.000000000000,0.020000000000
1466137546,772.000000000000,0.010000000000
1466137546,772.000000000000,0.010000000000
1466137579,771.420000000000,0.198000000000
1466137579,771.500000000000,1.000000000000
1466137580,771.000000000000,1.000000000000
1466137580,771.000000000000,1.000000000000
1466137785,768.920000000000,0.325100000000
1466137798,767.740000000000,50.000000000000
1466137813,766.800000000000,0.027000000000
1466137839,767.240000000000,0.041000000000
1466137841,767.250000000000,0.035000000000
1466137843,767.250000000000,0.180300000000
1466137845,767.250000000000,0.129000000000
1466137848,767.250000000000,0.110000000000
1466137852,767.250000000000,0.129000000000
1466137854,767.250000000000,0.103000000000
1466137855,767.260000000000,0.129000000000
1466137855,767.260000000000,0.037000000000
1466137855,767.260000000000,0.129000000000
1466137855,767.260000000000,0.129000000000
1466137876,766.540000000000,0.102000000000
1466137891,766.740000000000,0.136600000000
1466137891,766.750000000000,0.010000000000
1466137898,766.750000000000,0.010000000000
1466137902,766.860000000000,0.128000000000
1466137904,766.860000000000,0.129000000000
1466137907,766.750000000000,0.128000000000
1466137907,766.750000000000,0.070000000000
1466137910,766.750000000000,0.059000000000
1466137911,767.170000000000,0.129000000000
1466137911,767.170000000000,0.129000000000
1466137911,767.170000000000,0.010000000000
1466137911,767.170000000000,0.129000000000
1466137912,767.170000000000,0.128000000000
1466137912,767.170000000000,0.129000000000
1466137913,767.170000000000,0.129000000000
1466137913,767.170000000000,0.129000000000
1466137914,767.170000000000,0.129000000000
1466137914,767.170000000000,0.129000000000
1466137914,767.170000000000,0.129000000000
1466137915,767.170000000000,0.129000000000
1466138063,767.720000000000,0.125000000000
1466138124,767.110000000000,0.030000000000
1466138129,766.690000000000,1.857000000000
1466138153,766.190000000000,0.142000000000
1466138164,766.190000000000,0.129000000000
1466138647,767.220000000000,0.104000000000
1466138677,767.220000000000,0.109000000000
1466138944,766.910000000000,0.122000000000
1466139011,767.100000000000,0.121000000000
1466139016,767.100000000000,0.117000000000
1466139456,767.740000000000,0.044000000000
1466139456,767.730000000000,0.038000000000
1466139457,767.740000000000,1.060000000000
1466139457,767.740000000000,1.060000000000
1466139457,767.750000000000,1.293700000000
1466139478,767.860000000000,0.120800000000
1466139494,767.860000000000,0.005000000000
1466139654,767.860000000000,0.053400000000
1466139793,766.310000000000,3.508600000000
1466139794,766.310000000000,0.491400000000
1466139794,766.740000000000,0.403500000000
1466139795,766.750000000000,1.671100000000
1466140131,764.200000000000,0.030000000000
1466140131,763.790000000000,0.036000000000
1466140132,764.340000000000,6.225000000000
1466140146,764.160000000000,0.043000000000
1466140147,764.190000000000,0.129000000000
1466140147,764.170000000000,0.129000000000
1466140147,764.190000000000,0.129000000000
1466140147,764.190000000000,0.130000000000
1466140147,764.170000000000,0.129000000000
1466140147,764.180000000000,0.205800000000
1466140148,764.210000000000,0.045000000000
1466140157,764.360000000000,0.047000000000
1466140158,764.360000000000,0.105000000000
1466140176,764.360000000000,0.107000000000
1466140180,764.360000000000,0.117000000000
1466140181,764.360000000000,0.091000000000
1466140218,764.110000000000,0.100000000000
1466140244,763.820000000000,0.042000000000
1466140245,763.820000000000,0.109000000000
1466140257,763.810000000000,6.180000000000
1466140263,763.810000000000,0.115000000000
1466140265,763.810000000000,0.014000000000
1466140266,763.810000000000,0.112000000000
1466140268,763.810000000000,0.055100000000
1466140268,763.810000000000,0.130000000000
1466140268,763.810000000000,0.018000000000
1466140286,763.810000000000,0.038100000000
1466140286,763.810000000000,0.073900000000
1466140289,763.810000000000,0.091900000000
1466140289,763.810000000000,0.129000000000
1466140290,763.810000000000,0.129000000000
1466140290,763.810000000000,0.129000000000
1466140290,763.810000000000,0.129000000000
1466140290,763.810000000000,0.130000000000
1466140290,763.810000000000,0.129000000000
1466140290,763.810000000000,0.129000000000
1466140291,763.820000000000,0.129000000000
1466140291,763.820000000000,0.129000000000
1466140291,763.810000000000,0.129000000000
1466140291,763.820000000000,0.129000000000
1466140291,763.820000000000,0.130000000000
1466140291,763.810000000000,0.130000000000
1466140291,763.810000000000,0.130000000000
1466140319,765.050000000000,0.036000000000
1466140320,765.470000000000,0.049000000000
1466140320,765.600000000000,1.915000000000
1466140339,764.940000000000,0.020000000000
1466140341,764.690000000000,1.226700000000
1466140358,765.080000000000,0.052000000000
1466140370,765.080000000000,0.052000000000
1466140413,765.530000000000,4.850000000000
1466140415,765.750000000000,0.112000000000
1466140528,765.770000000000,0.052000000000
1466140698,765.760000000000,0.020000000000
1466140712,765.360000000000,0.111000000000
1466140724,765.360000000000,0.112000000000
1466140739,765.360000000000,0.115000000000
1466140766,764.260000000000,0.010000000000
1466140771,763.960000000000,6.292000000000
1466140776,763.650000000000,0.045000000000
1466140776,763.640000000000,0.068000000000
1466140778,763.430000000000,0.060000000000
1466140778,763.140000000000,0.062000000000
1466140778,763.170000000000,0.065000000000
1466140779,762.620000000000,0.038000000000
1466140792,762.620000000000,0.069000000000
1466140806,762.390000000000,0.047000000000
1466140807,762.390000000000,6.293000000000
1466140807,762.390000000000,0.151000000000
1466140825,762.480000000000,6.293000000000
1466140838,762.570000000000,6.293000000000
1466140842,762.470000000000,0.371000000000
1466140845,762.470000000000,0.187000000000
1466140856,762.460000000000,0.046000000000
1466140856,762.470000000000,0.595400000000
1466140857,762.520000000000,0.129000000000
1466140857,762.520000000000,0.129000000000
1466140857,762.520000000000,0.129000000000
1466140857,762.520000000000,0.129000000000
1466140858,762.520000000000,0.129000000000
1466140861,762.520000000000,0.129000000000
1466140866,762.520000000000,0.105000000000
1466140867,762.520000000000,0.129000000000
1466140870,762.520000000000,0.107000000000
1466140887,762.520000000000,0.110000000000
1466140901,762.520000000000,0.522000000000
1466140965,762.660000000000,2.000000000000
1466140972,762.660000000000,0.129000000000
1466140972,762.660000000000,1.000000000000
1466140972,762.660000000000,0.129000000000
1466140973,762.660000000000,0.129000000000
1466140973,762.660000000000,0.129000000000
1466140973,762.660000000000,0.129000000000
1466140973,762.660000000000,0.129000000000
1466140973,762.660000000000,0.129000000000
1466140973,762.660000000000,0.129000000000
1466140974,762.660000000000,0.129000000000
1466140974,762.660000000000,0.129000000000
1466140974,762.660000000000,0.129000000000
1466140974,762.660000000000,0.129000000000
1466140974,762.660000000000,0.129000000000
1466140974,762.660000000000,0.129000000000
1466140975,762.660000000000,0.129000000000
1466141070,762.810000000000,0.933900000000
1466141123,761.970000000000,0.122000000000
1466141130,762.760000000000,0.069000000000
1466141130,762.760000000000,0.196600000000
1466141131,762.770000000000,0.129500000000
1466141163,761.310000000000,0.328400000000
1466141178,760.980000000000,1.190000000000
1466141182,760.130000000000,50.000000000000
1466141205,759.160000000000,0.083000000000
1466141209,759.160000000000,0.069000000000
1466141209,759.160000000000,0.070000000000
1466141211,759.390000000000,0.152000000000
1466141215,759.480000000000,0.129000000000
1466141216,759.480000000000,0.129000000000
1466141217,759.480000000000,0.129000000000
1466141242,758.670000000000,0.131500000000
1466141244,759.710000000000,0.058000000000
1466141244,759.710000000000,0.067000000000
1466141245,760.070000000000,0.063000000000
1466141245,760.040000000000,0.061000000000
1466141251,758.680000000000,0.129000000000
1466141252,758.680000000000,0.129000000000
1466141253,758.680000000000,0.129000000000
1466141255,758.680000000000,0.129000000000
1466141256,758.680000000000,0.129000000000
1466141257,758.680000000000,0.129000000000
1466141257,758.680000000000,0.129000000000
1466141258,758.680000000000,0.129000000000
1466141258,758.680000000000,0.129000000000
1466141259,758.680000000000,2.839000000000
1466141270,756.170000000000,0.052000000000
1466141280,755.810000000000,0.641400000000
1466141311,755.810000000000,0.112000000000
1466141313,754.680000000000,0.044000000000
1466141313,754.760000000000,0.642300000000
1466141313,755.540000000000,0.065000000000
1466141313,755.460000000000,0.057000000000
1466141313,755.480000000000,0.134000000000
1466141313,755.490000000000,0.070000000000
1466141314,754.620000000000,0.062000000000
1466141315,754.440000000000,0.060000000000
1466141317,754.440000000000,3.600000000000
1466141326,753.180000000000,0.067000000000
1466141326,752.610000000000,50.000000000000
1466141326,753.770000000000,0.331700000000
1466141327,752.530000000000,0.078000000000
1466141327,752.450000000000,2.000000000000
1466141327,752.460000000000,0.048000000000
1466141332,751.630000000000,0.074000000000
1466141334,750.930000000000,0.065000000000
1466141340,750.410000000000,0.058000000000
1466141340,750.180000000000,0.079000000000
1466141342,749.390000000000,0.069000000000
1466141342,749.630000000000,0.070000000000
1466141343,748.890000000000,0.059000000000
1466141345,748.400000000000,2.000000000000
1466141347,748.180000000000,0.076000000000
1466141348,747.840000000000,0.839200000000
1466141348,747.770000000000,3.000000000000
1466141349,747.440000000000,0.059000000000
1466141351,747.450000000000,2.000000000000
1466141351,750.410000000000,1.000000000000
1466141360,746.310000000000,0.335000000000
1466141360,747.450000000000,6.470000000000
1466141362,746.330000000000,0.053000000000
1466141366,746.000000000000,0.100000000000
1466141366,745.160000000000,50.000000000000
1466141366,745.000000000000,9.246000000000
1466141367,745.000000000000,10.167700000000
1466141367,745.000000000000,0.876700000000
1466141375,745.770000000000,2.000000000000
1466141376,745.770000000000,2.000000000000
1466141396,739.830000000000,2.000000000000
1466141410,740.990000000000,0.130000000000
1466141411,740.990000000000,0.129000000000
1466141412,740.990000000000,0.129000000000
1466141412,740.990000000000,0.130000000000
1466141412,740.990000000000,0.129000000000
1466141412,740.990000000000,0.130000000000
1466141413,740.990000000000,0.129000000000
1466141413,740.990000000000,0.130000000000
1466141413,740.990000000000,0.129000000000
1466141414,740.990000000000,0.129000000000
1466141414,740.990000000000,0.129000000000
1466141415,740.990000000000,0.130000000000
1466141415,740.990000000000,0.129000000000
1466141415,740.910000000000,8.470000000000
1466141416,740.990000000000,0.130000000000
1466141416,740.990000000000,0.130000000000
1466141416,740.990000000000,0.130000000000
1466141416,740.990000000000,0.129000000000
1466141417,740.200000000000,0.047000000000
1466141418,741.080000000000,0.130000000000
1466141418,740.200000000000,0.082000000000
1466141424,738.920000000000,0.338300000000
1466141428,738.240000000000,2.700000000000
1466141428,737.780000000000,50.000000000000
1466141432,737.510000000000,0.200000000000
1466141434,737.510000000000,2.000000000000
1466141435,738.490000000000,0.025000000000
1466141435,738.570000000000,0.027000000000
1466141435,738.240000000000,1.104200000000
1466141436,738.990000000000,1.104200000000
1466141436,738.970000000000,0.029000000000
1466141437,739.150000000000,0.026000000000
1466141437,737.720000000000,0.027000000000
1466141438,738.310000000000,0.025000000000
1466141441,737.500000000000,0.033000000000
1466141444,737.510000000000,0.047300000000
1466141462,737.390000000000,0.038000000000
1466141463,737.510000000000,0.130000000000
1466141475,735.000000000000,0.100000000000
1466141475,735.000000000000,1.000000000000
1466141475,734.790000000000,0.491000000000
1466141487,733.820000000000,0.047300000000
1466141501,733.400000000000,0.054000000000
1466141502,731.600000000000,0.341700000000
1466141502,731.050000000000,0.140000000000
1466141503,730.720000000000,1.406000000000
1466141503,730.970000000000,0.112300000000
1466141509,730.470000000000,50.000000000000
1466141509,730.480000000000,1.107400000000
1466141520,730.650000000000,0.046900000000
1466141523,730.000000000000,0.100000000000
1466141553,730.800000000000,0.786600000000
1466141555,727.510000000000,0.131000000000
1466141556,728.460000000000,0.130000000000
1466141556,728.460000000000,0.101000000000
1466141557,728.460000000000,0.130000000000
1466141557,728.460000000000,0.130000000000
1466141558,728.460000000000,0.130000000000
1466141558,728.460000000000,0.131000000000
1466141558,728.460000000000,0.042000000000
1466141558,728.460000000000,0.130000000000
1466141559,728.460000000000,22.000000000000
1466141562,731.330000000000,0.131000000000
1466141562,731.330000000000,0.048000000000
1466141563,731.330000000000,0.130000000000
1466141563,731.330000000000,0.131000000000
1466141564,731.330000000000,0.130000000000
1466141564,731.330000000000,0.130000000000
1466141565,731.330000000000,0.655000000000
1466141565,731.330000000000,0.131000000000
1466141565,731.330000000000,0.131000000000
1466141565,731.330000000000,0.130000000000
1466141567,732.600000000000,0.130000000000
1466141567,732.600000000000,0.047000000000
1466141568,732.600000000000,0.102000000000
1466141569,732.600000000000,0.131000000000
1466141569,732.600000000000,0.042000000000
1466141570,732.600000000000,0.050000000000
1466141570,732.600000000000,0.130000000000
1466141570,732.600000000000,0.131000000000
1466141571,733.740000000000,10.867400000000
1466141572,731.600000000000,0.132000000000
1466141574,733.290000000000,0.100000000000
1466141576,733.510000000000,2.000000000000
1466141577,732.370000000000,0.041000000000
1466141580,734.440000000000,0.047000000000
1466141582,734.110000000000,0.100000000000
1466141583,734.110000000000,0.040000000000
1466141583,734.110000000000,0.140000000000
1466141586,734.610000000000,0.136000000000
1466141588,734.900000000000,73.943900000000
1466141588,733.560000000000,72.006300000000
1466141588,732.160000000000,54.049800000000
1466141589,733.720000000000,0.044000000000
1466141589,733.730000000000,0.150000000000
1466141590,733.500000000000,0.039000000000
1466141591,733.550000000000,0.104000000000
1466141594,738.450000000000,2.500000000000
1466141594,737.780000000000,50.000000000000
1466141597,740.180000000000,0.080300000000
1466141599,740.180000000000,0.058000000000
1466141600,740.180000000000,0.124000000000
1466141601,740.740000000000,0.065000000000
1466141604,742.430000000000,0.076000000000
1466141604,742.430000000000,0.069000000000
1466141605,743.450000000000,0.056000000000
1466141605,743.370000000000,0.070000000000
1466141605,742.900000000000,2.500000000000
1466141606,739.200000000000,0.140000000000
1466141606,743.370000000000,0.059000000000
1466141607,742.660000000000,0.070000000000
1466141608,742.660000000000,0.081000000000
1466141610,739.770000000000,4.000000000000
1466141611,741.300000000000,0.163000000000
1466141613,739.200000000000,1.860000000000
1466141613,738.310000000000,0.140000000000
1466141614,737.890000000000,2.000000000000
1466141618,741.160000000000,4.088600000000
1466141623,741.210000000000,0.170000000000
1466141627,741.420000000000,0.231000000000
1466141628,741.420000000000,0.128000000000
1466141629,739.550000000000,0.127000000000
1466141629,740.830000000000,0.218000000000
1466141631,741.160000000000,0.187000000000
1466141645,741.990000000000,0.810500000000
1466141645,741.210000000000,0.261000000000
1466141680,739.440000000000,2.000000000000
1466141684,740.000000000000,48.663300000000
1466141684,740.000000000000,2.600200000000
1466141684,739.440000000000,48.736500000000
1466141686,738.850000000000,3.000000000000
1466141686,739.430000000000,3.000000000000
1466141693,739.310000000000,1.000000000000
1466141693,739.430000000000,2.000000000000
1466141696,739.620000000000,0.147000000000
1466141696,739.620000000000,0.128000000000
1466141696,739.620000000000,0.128000000000
1466141696,739.620000000000,0.127000000000
1466141696,739.620000000000,0.127000000000
1466141697,739.750000000000,3.000000000000
1466141707,739.620000000000,3.000000000000
1466141718,739.490000000000,2.393400000000
1466141722,740.250000000000,0.460000000000
1466141726,740.680000000000,2.000000000000
1466141728,740.680000000000,12.473500000000
1466141729,740.690000000000,0.539500000000
1466141730,740.570000000000,1.460500000000
1466141742,740.110000000000,0.128000000000
1466141742,740.440000000000,0.130000000000
1466141743,740.440000000000,0.127000000000
1466141743,740.440000000000,0.129000000000
1466141744,742.680000000000,63.212400000000
1466141744,742.030000000000,0.222000000000
1466141744,743.550000000000,0.232000000000
1466141744,741.340000000000,48.091000000000
1466141745,740.440000000000,0.128000000000
1466141745,744.160000000000,88.242600000000
1466141745,740.440000000000,0.130000000000
1466141746,740.110000000000,0.128000000000
1466141746,741.100000000000,0.129000000000
1466141835,741.270000000000,0.127000000000
1466141835,741.270000000000,0.129000000000
1466141836,741.270000000000,0.150000000000
1466141836,741.270000000000,0.127000000000
1466141836,741.270000000000,0.129000000000
1466141836,741.270000000000,0.127000000000
1466141836,741.270000000000,0.130000000000
1466141836,741.270000000000,0.127000000000
1466141836,741.270000000000,0.130000000000
1466141837,741.270000000000,0.129000000000
1466141837,741.270000000000,0.130000000000
1466141837,741.270000000000,0.128000000000
1466141837,741.270000000000,0.130000000000
1466141837,741.270000000000,0.128000000000
1466141838,741.270000000000,0.130000000000
1466141838,741.270000000000,0.129000000000
1466141838,741.270000000000,0.129000000000
1466141838,741.270000000000,0.218000000000
1466141838,741.270000000000,0.129000000000
1466141839,741.270000000000,0.127000000000
1466141839,741.280000000000,0.128000000000
1466141839,741.270000000000,6.000000000000
1466141839,741.280000000000,0.127000000000
1466141839,741.280000000000,0.136000000000
1466141839,741.270000000000,0.128000000000
1466141848,742.760000000000,0.016900000000
1466141853,742.740000000000,0.266100000000
1466141865,743.470000000000,1.194400000000
1466141885,744.760000000000,42.963400000000
1466141885,744.750000000000,4.000000000000
1466141891,745.020000000000,0.598200000000
1466141900,745.000000000000,1.370000000000
1466141906,745.150000000000,3.480000000000
1466141906,745.160000000000,50.000000000000
1466141916,745.170000000000,0.426100000000
1466141916,745.160000000000,0.354400000000
1466141916,745.000000000000,41.406400000000
1466141917,745.100000000000,0.043600000000
1466141940,745.000000000000,0.354600000000
1466141964,745.110000000000,0.148000000000
1466141978,745.300000000000,5.250000000000
1466142057,745.000000000000,31.243100000000
1466142057,745.000000000000,9.905600000000
1466142057,745.010000000000,0.200000000000
1466142058,745.000000000000,39.768000000000
1466142058,745.000000000000,28.988900000000
1466142084,744.530000000000,0.705700000000
1466142084,744.540000000000,0.128000000000
1466142085,744.540000000000,0.146000000000
1466142085,744.540000000000,0.128000000000
1466142085,744.540000000000,0.135000000000
1466142085,744.540000000000,0.130000000000
1466142085,744.540000000000,0.129000000000
1466142085,744.540000000000,0.127000000000
1466142085,744.540000000000,0.217000000000
1466142086,744.540000000000,0.128000000000
1466142086,744.540000000000,0.149000000000
1466142086,744.540000000000,0.130000000000
1466142086,744.540000000000,0.129000000000
1466142086,744.540000000000,0.127000000000
1466142086,744.540000000000,0.130000000000
1466142086,744.540000000000,0.128000000000
1466142087,744.540000000000,0.127000000000
1466142087,744.540000000000,0.128000000000
1466142087,744.540000000000,0.126000000000
1466142087,744.540000000000,0.148000000000
1466142087,744.540000000000,0.146000000000
1466142087,744.540000000000,0.127000000000
1466142087,744.540000000000,0.128000000000
1466142088,744.540000000000,0.128000000000
1466142088,744.540000000000,0.126000000000
1466142088,744.540000000000,0.129000000000
1466142090,745.470000000000,0.128000000000
1466142091,745.470000000000,0.129000000000
1466142091,745.470000000000,0.130000000000
1466142093,745.240000000000,0.128000000000
1466142134,744.540000000000,0.129000000000
1466142134,744.540000000000,0.130000000000
1466142134,744.540000000000,0.129000000000
1466142219,745.720000000000,0.064800000000
1466142220,745.760000000000,0.127000000000
1466142220,745.760000000000,0.126000000000
1466142220,746.310000000000,0.335000000000
1466142221,746.860000000000,0.183000000000
1466142221,747.110000000000,0.960300000000
1466142221,746.310000000000,3.000000000000
1466142221,746.580000000000,37.599200000000
1466142222,747.990000000000,51.720200000000
1466142222,749.390000000000,105.748500000000
1466142222,748.040000000000,0.136000000000
1466142325,745.690000000000,0.148000000000
1466142325,745.690000000000,0.135000000000
1466142325,745.690000000000,0.127000000000
1466142325,745.690000000000,0.127000000000
1466142325,745.690000000000,0.130000000000
1466142325,745.690000000000,0.126000000000
1466142326,745.690000000000,0.130000000000
1466142326,745.690000000000,0.129000000000
1466142326,745.690000000000,0.129000000000
1466142326,745.690000000000,0.130000000000
1466142326,745.690000000000,0.129000000000
1466142326,745.690000000000,0.126000000000
1466142326,745.690000000000,0.130000000000
1466142327,745.690000000000,0.129000000000
1466142327,745.690000000000,0.129000000000
1466142327,745.690000000000,0.149000000000
1466142327,745.690000000000,0.130000000000
1466142327,745.690000000000,0.128000000000
1466142327,745.690000000000,0.130000000000
1466142328,745.690000000000,0.127000000000
1466142328,745.690000000000,0.130000000000
1466142328,745.690000000000,0.127000000000
1466142328,745.690000000000,0.129000000000
1466142328,745.690000000000,0.146000000000
1466142328,745.690000000000,0.129000000000
1466142328,745.690000000000,0.127000000000
1466142329,745.690000000000,0.126000000000
1466142329,745.690000000000,0.128000000000
1466142329,745.690000000000,0.128000000000
1466142329,745.690000000000,0.128000000000
1466142331,746.550000000000,4.043300000000
1466142344,746.430000000000,0.299600000000
1466142385,746.920000000000,0.050000000000
1466142386,746.930000000000,0.146000000000
1466142386,746.930000000000,6.000000000000
1466142386,746.930000000000,0.130000000000
1466142386,746.930000000000,0.129000000000
1466142386,746.930000000000,0.130000000000
1466142386,746.930000000000,0.217000000000
1466142387,747.050000000000,0.050000000000
1466142387,747.050000000000,0.129000000000
1466142457,746.940000000000,0.213400000000
1466142457,746.950000000000,0.649800000000
1466142519,747.700000000000,0.129000000000
1466142519,747.700000000000,0.126000000000
1466142519,747.700000000000,0.056600000000
1466142519,747.700000000000,0.072000000000
1466142519,747.700000000000,0.129000000000
1466142519,747.700000000000,0.128000000000
1466142519,747.700000000000,0.130000000000
1466142520,747.700000000000,6.824100000000
1466142520,749.600000000000,0.808100000000
1466142520,750.110000000000,0.171000000000
1466142520,751.010000000000,0.295000000000
1466142520,747.700000000000,0.131000000000
1466142521,752.160000000000,0.266000000000
1466142521,752.610000000000,0.459900000000
1466142522,749.110000000000,2.000000000000
1466142561,749.280000000000,0.016800000000
1466142564,749.280000000000,0.016800000000
1466142567,749.280000000000,0.016800000000
1466142570,749.280000000000,0.016800000000
1466142572,749.010000000000,0.718700000000
1466142573,747.780000000000,1.281300000000
1466142576,749.180000000000,2.000000000000
1466142595,749.660000000000,0.130000000000
1466142595,749.660000000000,0.126000000000
1466142595,749.660000000000,0.126000000000
1466142595,749.660000000000,0.131000000000
1466142595,749.660000000000,0.130000000000
1466142595,749.660000000000,0.128000000000
1466142595,749.660000000000,0.129000000000
1466142596,749.660000000000,0.146000000000
1466142596,749.660000000000,0.128000000000
1466142596,749.660000000000,0.148000000000
1466142596,749.660000000000,0.127000000000
1466142596,749.660000000000,0.126000000000
1466142596,749.660000000000,0.127000000000
1466142597,749.660000000000,0.217000000000
1466142597,749.660000000000,0.129000000000
1466142597,749.660000000000,0.146000000000
1466142597,749.660000000000,0.126000000000
1466142597,749.660000000000,0.129000000000
1466142597,749.660000000000,0.131000000000
1466142597,749.660000000000,0.130000000000
1466142598,749.660000000000,0.130000000000
1466142598,749.660000000000,0.129000000000
1466142653,749.660000000000,0.129000000000
1466142653,749.660000000000,0.129000000000
1466142653,749.660000000000,0.117000000000
1466142656,749.660000000000,0.131000000000
1466142657,749.660000000000,0.130000000000
1466142659,749.660000000000,0.126000000000
1466142659,749.660000000000,0.149000000000
1466142661,749.660000000000,0.135000000000
1466142662,749.660000000000,0.130000000000
1466142672,749.670000000000,0.528400000000
1466142674,749.420000000000,0.486900000000
1466142731,747.880000000000,0.130000000000
1466142731,747.880000000000,0.127000000000
1466142731,747.880000000000,0.130000000000
1466142732,747.880000000000,0.146000000000
1466142732,747.880000000000,0.129000000000
1466142732,747.880000000000,0.130000000000
1466142732,747.880000000000,0.127000000000
1466142732,747.880000000000,0.131000000000
1466142732,747.880000000000,0.131000000000
1466142732,747.880000000000,0.129000000000
1466142733,747.880000000000,0.131000000000
1466142733,747.880000000000,0.126000000000
1466142733,747.880000000000,0.126000000000
1466142733,747.880000000000,0.127000000000
1466142733,747.880000000000,0.128000000000
1466142733,747.880000000000,0.131000000000
1466142733,747.880000000000,0.131000000000
1466142734,747.880000000000,0.130000000000
1466142734,747.880000000000,0.129000000000
1466142734,747.880000000000,0.130000000000
1466142734,747.880000000000,0.148000000000
1466142734,747.880000000000,0.130000000000
1466142734,747.880000000000,0.129000000000
1466142735,747.880000000000,0.136000000000
1466142735,749.100000000000,0.149000000000
1466142735,747.880000000000,0.132000000000
1466142735,748.770000000000,1.294700000000
1466142735,747.880000000000,0.127000000000
1466142736,749.100000000000,0.131000000000
1466142736,749.100000000000,0.131000000000
1466142736,749.100000000000,0.127000000000
1466142737,749.080000000000,0.127000000000
1466142738,749.100000000000,0.140000000000
1466142746,748.970000000000,0.531000000000
1466142748,748.970000000000,0.128000000000
1466142748,748.970000000000,0.127000000000
1466142749,748.970000000000,0.127000000000
1466142752,748.880000000000,0.194000000000
1466142771,748.750000000000,2.000000000000
1466142783,748.750000000000,10.000000000000
1466142802,748.530000000000,20.000000000000
1466142822,747.700000000000,0.149000000000
1466142827,747.700000000000,27.193400000000
1466142845,746.590000000000,0.505000000000
1466142848,745.150000000000,0.668600000000
1466142849,744.380000000000,4.000000000000
1466142855,743.590000000000,0.193000000000
1466142855,743.550000000000,0.261000000000
1466142857,742.790000000000,0.222000000000
1466142860,742.100000000000,0.227000000000
1466142868,744.480000000000,2.000000000000
1466142872,743.510000000000,0.987900000000
1466142874,742.840000000000,0.215000000000
1466142874,742.110000000000,4.000000000000
1466142874,743.040000000000,0.220000000000
1466142874,742.780000000000,0.379000000000
1466142876,741.930000000000,0.255000000000
1466142884,741.310000000000,0.219000000000
1466142890,740.520000000000,0.230000000000
1466142890,740.580000000000,0.239000000000
1466142894,741.110000000000,0.271000000000
1466142894,741.110000000000,0.436000000000
1466142899,740.850000000000,0.495000000000
1466142901,740.850000000000,2.000000000000
1466142902,740.760000000000,0.200000000000
1466142903,740.560000000000,0.219500000000
1466142904,740.530000000000,0.221000000000
1466142904,740.560000000000,0.015500000000
1466142928,740.850000000000,0.264000000000
1466142933,739.990000000000,27.193900000000
1466142933,740.010000000000,0.100000000000
1466142937,740.860000000000,0.066000000000
1466142937,740.850000000000,0.248400000000
1466142937,740.020000000000,0.206000000000
1466142938,740.920000000000,35.128600000000
1466142938,741.010000000000,0.110000000000
1466142938,740.870000000000,0.132000000000
1466142938,740.870000000000,0.147000000000
1466142939,741.040000000000,0.124000000000
1466142939,741.050000000000,0.128000000000
1466142939,741.050000000000,0.130000000000
1466142940,741.050000000000,0.149000000000
1466142940,741.230000000000,0.132000000000
1466142940,741.050000000000,0.129000000000
1466142940,741.050000000000,0.131000000000
1466142941,741.230000000000,0.127000000000
1466142941,741.230000000000,0.129000000000
1466142941,741.230000000000,0.130000000000
1466142942,742.470000000000,0.112000000000
1466142942,742.330000000000,46.395900000000
1466142942,741.720000000000,0.138000000000
1466142943,743.220000000000,0.086000000000
1466142943,745.160000000000,16.984700000000
1466142943,743.930000000000,0.134000000000
1466142943,743.640000000000,98.802400000000
1466142956,740.320000000000,0.078000000000
1466142958,740.320000000000,0.154000000000
1466142959,740.530000000000,0.130000000000
1466142961,740.850000000000,0.130000000000
1466142961,740.840000000000,0.076000000000
1466142961,740.530000000000,0.006000000000
1466142961,740.980000000000,0.105000000000
1466142961,740.850000000000,0.147000000000
1466142963,741.470000000000,0.930000000000
1466142965,741.760000000000,0.118000000000
1466142969,740.320000000000,0.063000000000
1466142971,740.370000000000,0.175000000000
1466142981,740.370000000000,0.159000000000
1466142984,740.370000000000,0.090000000000
1466142985,740.370000000000,0.117000000000
1466142994,740.530000000000,0.133000000000
1466142994,740.520000000000,0.104000000000
1466142998,741.280000000000,0.180000000000
1466142998,741.280000000000,0.127000000000
1466142999,741.280000000000,0.131000000000
1466143000,741.280000000000,3.056500000000
1466143005,741.530000000000,28.000000000000
1466143014,741.760000000000,0.131000000000
1466143014,741.760000000000,0.127000000000
1466143026,742.440000000000,0.054000000000
1466143029,742.450000000000,0.200000000000
1466143040,742.480000000000,0.131800000000
1466143040,742.470000000000,0.201900000000
1466143040,742.470000000000,0.040000000000
1466143041,742.460000000000,3.626300000000
1466143041,742.440000000000,0.360000000000
1466143048,742.430000000000,0.054000000000
1466143053,742.430000000000,0.054000000000
1466143061,742.430000000000,9.369900000000
1466143062,742.440000000000,2.330000000000
1466143062,742.440000000000,0.132000000000
1466143062,742.440000000000,0.400000000000
1466143062,742.440000000000,0.128000000000
1466143062,742.440000000000,0.149000000000
1466143062,742.440000000000,0.133000000000
1466143062,742.440000000000,0.147000000000
1466143063,742.440000000000,0.131000000000
1466143063,742.440000000000,0.127000000000
1466143063,742.440000000000,0.132000000000
1466143063,742.440000000000,0.129000000000
1466143063,742.440000000000,0.132000000000
1466143063,742.440000000000,0.127000000000
1466143064,742.710000000000,0.054000000000
1466143064,742.710000000000,0.130000000000
1466143067,742.710000000000,0.054000000000
1466143071,742.720000000000,0.054000000000
1466143080,742.730000000000,0.054000000000
1466143086,742.740000000000,0.054000000000
1466143087,742.720000000000,0.090000000000
1466143087,742.740000000000,0.733800000000
1466143087,742.730000000000,0.010000000000
1466143087,742.730000000000,0.127900000000
1466143089,742.400000000000,0.540100000000
1466143124,742.740000000000,0.030000000000
1466143164,743.690000000000,0.060000000000
1466143211,742.780000000000,0.010000000000
1466143211,742.780000000000,0.060000000000
1466143212,742.400000000000,0.070000000000
1466143261,741.470000000000,0.169000000000
1466143261,740.900000000000,0.119000000000
1466143261,741.640000000000,0.030000000000
1466143263,740.100000000000,0.182000000000
1466143263,740.160000000000,0.179000000000
1466143264,739.920000000000,0.350000000000
1466143267,739.920000000000,0.230000000000
1466143298,741.780000000000,0.120000000000
1466143300,741.800000000000,2.000000000000
1466143300,741.800000000000,0.171000000000
1466143303,741.900000000000,0.353100000000
1466143304,741.900000000000,2.000000000000
1466143304,741.960000000000,0.685200000000
1466143304,741.950000000000,0.102000000000
1466143310,742.020000000000,0.243000000000
1466143322,742.020000000000,0.070000000000
1466143327,741.810000000000,0.027000000000
1466143327,741.810000000000,0.010000000000
1466143392,741.220000000000,0.040000000000
1466143392,741.220000000000,0.050000000000
1466143396,741.100000000000,0.130000000000
1466143396,741.220000000000,0.010000000000
1466143397,740.980000000000,0.278000000000
1466143400,740.800000000000,0.243000000000
1466143421,738.920000000000,0.338300000000
1466143422,737.780000000000,31.939400000000
