1439212964,263.400000000000,25.000000000000
1439212965,263.200000000000,0.181000000000
1439212975,263.200000000000,1.697000000000
1439212982,263.010000000000,20.000000000000
1439212991,263.000000000000,7.422000000000
1439213021,263.010000000000,0.200000000000
1439213271,262.730000000000,5.687000000000
1439213272,262.720000000000,4.313000000000
1439213281,262.790000000000,100.000000000000
1439213376,262.710000000000,1.343100000000
1439213377,262.690000000000,5.633000000000
1439213378,262.670000000000,0.023900000000
1439213482,263.080000000000,5.702000000000
1439213482,262.800000000000,9.190800000000
1439213483,263.090000000000,32.057200000000
1439213557,263.080000000000,0.300000000000
1439213778,263.100000000000,56.600000000000
1439213813,263.070000000000,0.374000000000
1439213823,262.870000000000,0.320000000000
1439213824,262.860000000000,5.684000000000
1439213825,262.840000000000,0.691300000000
1439213825,262.830000000000,3.304700000000
1439214644,263.080000000000,0.508000000000
1439216023,263.960000000000,0.606700000000
1439216024,263.980000000000,31.960000000000
1439216375,263.840000000000,0.457100000000
1439217706,264.160000000000,2.105900000000
1439217709,264.160000000000,0.000100000000
1439218106,264.470000000000,5.581000000000
1439218116,264.470000000000,1.960000000000
1439218125,264.460000000000,95.000000000000
1439219068,264.240000000000,5.634000000000
1439219069,264.250000000000,44.366000000000
1439219090,264.080000000000,8.460000000000
1439219090,264.070000000000,1.540000000000
1439219091,264.080000000000,10.000000000000
1439219091,264.080000000000,10.000000000000
1439219091,264.080000000000,10.000000000000
1439219091,264.080000000000,10.000000000000
1439219091,264.080000000000,10.000000000000
1439219153,264.010000000000,5.673000000000
1439219155,264.000000000000,5.000000000000
1439219155,263.990000000000,99.327000000000
1439219383,263.810000000000,5.000000000000
1439219387,263.800000000000,5.000000000000
1439219391,263.800000000000,5.000000000000
1439219396,263.800000000000,4.670000000000
1439219686,263.960000000000,1.000000000000
1439219776,263.960000000000,1.000000000000
1439219995,263.980000000000,4.900000000000
1439220072,263.800000000000,0.330000000000
1439220074,263.800000000000,0.338000000000
1439220077,263.800000000000,5.000000000000
1439220077,263.800000000000,4.662000000000
1439220078,263.710000000000,0.338200000000
1439220079,263.700000000000,5.000000000000
1439220079,263.700000000000,5.000000000000
1439220079,263.700000000000,5.000000000000
1439220080,263.700000000000,5.000000000000
1439220080,263.700000000000,5.000000000000
1439220090,263.560000000000,0.169100000000
1439220091,263.550000000000,8.188900000000
1439220092,263.710000000000,2.868000000000
1439220092,263.610000000000,1.960000000000
1439220093,263.750000000000,4.545000000000
1439220093,263.710000000000,5.643000000000
1439220095,263.730000000000,1.930000000000
1439220099,263.550000000000,3.188900000000
1439220099,263.550000000000,1.811100000000
1439220103,263.550000000000,5.000000000000
1439220107,263.550000000000,1.811100000000
1439220108,263.550000000000,2.648900000000
1439220112,263.550000000000,5.000000000000
1439220118,263.550000000000,2.351100000000
1439220119,263.550000000000,1.698900000000
1439220158,263.550000000000,8.301100000000
1439220158,263.680000000000,80.000000000000
1439220158,263.550000000000,10.000000000000
1439220161,263.470000000000,1.960000000000
1439220164,263.470000000000,6.381000000000
1439220465,263.490000000000,5.605000000000
1439220465,263.500000000000,0.127000000000
1439220466,263.480000000000,104.268000000000
1439220942,263.840000000000,1.000000000000
1439221721,263.840000000000,12.000000000000
1439221722,263.840000000000,3.000000000000
1439222712,263.960000000000,6.014000000000
1439223258,264.100000000000,5.000000000000
1439223335,264.090000000000,0.127300000000
1439223336,264.080000000000,0.127600000000
1439223341,264.080000000000,0.063900000000
1439223345,264.080000000000,0.032000000000
1439223350,264.080000000000,0.016000000000
1439223454,264.080000000000,0.172000000000
1439224088,264.120000000000,5.447000000000
1439225033,264.050000000000,101.912900000000
1439225251,264.360000000000,0.973000000000
1439225555,264.350000000000,0.005000000000
1439225701,264.140000000000,5.651000000000
1439225702,264.130000000000,94.349000000000
1439225943,263.920000000000,9.710000000000
1439225944,263.910000000000,18.290000000000
1439226283,263.940000000000,92.359500000000
1439226284,263.940000000000,2.640500000000
1439227642,264.440000000000,7.017000000000
1439227698,264.450000000000,5.238000000000
1439227699,264.370000000000,3.515000000000
1439227699,264.330000000000,5.669000000000
1439227700,264.310000000000,74.076500000000
1439227730,264.510000000000,8.000000000000
1439227731,264.560000000000,92.000000000000
1439228081,264.500000000000,75.000000000000
1439228133,264.190000000000,4.000000000000
1439228133,264.180000000000,93.734500000000
1439228133,264.150000000000,2.265500000000
1439228158,264.160000000000,4.000000000000
1439228158,264.150000000000,1.729500000000
1439228159,264.130000000000,34.049000000000
1439229661,264.600000000000,1.596100000000
1439229663,264.600000000000,0.403900000000
1439229909,264.610000000000,0.226800000000
1439231235,264.620000000000,1.773200000000
1439231561,264.470000000000,2.000000000000
1439232205,264.500000000000,0.000100000000
1439232214,264.650000000000,0.775600000000
1439232247,264.740000000000,0.100000000000
1439232255,264.750000000000,0.090000000000
1439232665,264.960000000000,1.960000000000
1439232685,264.980000000000,7.363000000000
1439232692,264.950000000000,6.639000000000
1439232693,264.980000000000,3.404000000000
1439233548,264.400000000000,0.090000000000
1439233548,264.400000000000,0.010000000000
1439233548,264.400000000000,0.000100000000
1439234299,264.570000000000,2.000000000000
1439234613,264.860000000000,4.000000000000
1439234614,264.870000000000,1.163600000000
1439234617,264.890000000000,4.000000000000
1439234618,264.890000000000,0.166400000000
1439235136,264.830000000000,0.637600000000
1439235193,264.840000000000,0.327000000000
1439235198,264.840000000000,0.489500000000
1439235203,264.840000000000,0.245200000000
1439235208,264.840000000000,0.122900000000
1439235236,264.900000000000,0.061500000000
1439235237,264.900000000000,1.894300000000
1439235950,264.500000000000,5.627000000000
1439236104,264.500000000000,16.400000000000
1439236846,264.550000000000,4.000000000000
1439236847,264.560000000000,0.249700000000
1439236848,264.590000000000,5.670000000000
1439236849,264.630000000000,10.080300000000
1439239350,265.200000000000,1.500000000000
1439239506,265.200000000000,2.252000000000
1439239559,265.200000000000,2.280000000000
1439240798,265.070000000000,4.000000000000
1439242276,265.050000000000,1.580000000000
1439242277,264.970000000000,5.607000000000
1439242278,264.960000000000,2.000000000000
1439242278,265.040000000000,1.580000000000
1439242537,264.830000000000,0.220000000000
1439242538,264.810000000000,5.660000000000
1439242539,264.600000000000,91.972100000000
1439242539,264.510000000000,4.449000000000
1439242539,264.800000000000,2.000000000000
1439242540,264.400000000000,0.080000000000
1439242541,264.400000000000,0.000800000000
1439242541,264.400000000000,0.009000000000
1439242542,264.360000000000,4.498000000000
1439242542,264.370000000000,1.442300000000
1439242543,264.210000000000,3.668800000000
1439242696,264.720000000000,0.957100000000
1439242697,264.730000000000,5.645000000000
1439242698,264.790000000000,3.594000000000
1439242699,264.840000000000,9.803900000000
1439243670,264.920000000000,0.428800000000
1439243671,264.930000000000,3.571200000000
1439245581,264.830000000000,0.143300000000
1439245582,264.840000000000,16.394700000000
1439245812,264.950000000000,30.467300000000
1439245812,264.940000000000,0.194700000000
1439245925,264.850000000000,3.283000000000
1439245926,264.860000000000,46.717000000000
1439247263,264.740000000000,0.120000000000
1439247266,264.560000000000,7.210000000000
1439249687,264.930000000000,0.030000000000
1439249697,264.930000000000,8.784000000000
1439249704,264.930000000000,0.158600000000
1439249850,264.850000000000,4.000000000000
1439249851,264.870000000000,28.500000000000
1439250133,264.750000000000,6.797000000000
1439252256,264.860000000000,0.180000000000
1439252257,264.850000000000,0.300000000000
1439256411,265.030000000000,5.570000000000
1439256412,265.020000000000,3.720000000000
1439256413,265.000000000000,33.710000000000
1439256447,265.010000000000,5.640000000000
1439256448,265.000000000000,4.260000000000
1439256448,265.010000000000,0.100000000000
1439256995,265.180000000000,0.115400000000
1439257007,265.190000000000,7.921000000000
1439257010,265.180000000000,0.020000000000
1439257011,265.180000000000,0.030000000000
1439257160,265.360000000000,0.936500000000
1439257229,265.390000000000,0.062800000000
1439257230,265.400000000000,1.897200000000
1439257543,265.400000000000,6.852300000000
1439257544,265.400000000000,10.000000000000
1439257544,265.400000000000,1.147700000000
1439257544,265.400000000000,10.000000000000
1439257840,265.400000000000,1.450000000000
1439257850,265.400000000000,1.450000000000
1439258259,265.360000000000,1.960000000000
1439259333,265.360000000000,0.103500000000
1439259414,265.140000000000,5.617000000000
1439259415,265.140000000000,0.060900000000
1439259416,265.150000000000,194.322100000000
1439259430,265.140000000000,0.045600000000
1439259431,265.150000000000,5.677900000000
1439259432,265.150000000000,194.276500000000
1439259448,265.140000000000,0.028500000000
1439259448,265.150000000000,5.723500000000
1439259449,265.150000000000,194.248000000000
1439259485,265.100000000000,5.585000000000
1439259486,265.110000000000,194.415000000000
1439259511,265.100000000000,0.016000000000
1439259512,265.110000000000,194.399000000000
1439259512,265.110000000000,5.585000000000
1439259536,265.110000000000,5.601000000000
1439259537,265.110000000000,194.399000000000
1439259554,265.110000000000,5.601000000000
1439259555,265.110000000000,194.399000000000
1439259575,265.110000000000,5.601000000000
1439259575,265.110000000000,194.399000000000
1439259633,265.000000000000,0.030000000000
1439259633,265.000000000000,0.080000000000
1439259633,265.000000000000,0.010000000000
1439259634,265.000000000000,0.010000000000
1439259731,265.000000000000,20.000000000000
1439259761,264.990000000000,0.024500000000
1439259762,265.230000000000,0.105500000000
1439259762,265.000000000000,4.870000000000
1439260024,264.840000000000,5.627000000000
1439260025,264.840000000000,0.010000000000
1439260025,264.840000000000,0.020000000000
1439260026,264.840000000000,0.040000000000
1439260027,264.830000000000,94.293000000000
1439260027,264.840000000000,0.010000000000
1439260665,265.380000000000,0.017000000000
1439260666,265.380000000000,3.983000000000
1439260802,265.400000000000,1.960000000000
1439260804,265.400000000000,3.992300000000
1439260842,265.410000000000,0.010000000000
1439260842,265.410000000000,0.020000000000
1439261147,265.280000000000,0.012800000000
1439261800,265.240000000000,0.110000000000
1439263645,265.700000000000,0.100000000000
1439263645,265.700000000000,0.500000000000
1439265408,265.920000000000,0.151300000000
1439265547,265.920000000000,0.008700000000
1439265547,265.920000000000,0.160000000000
1439265548,265.920000000000,0.010000000000
1439265548,265.920000000000,0.060000000000
1439265549,265.920000000000,0.007000000000
1439265569,265.920000000000,0.010000000000
1439265569,265.920000000000,0.010000000000
1439265569,265.920000000000,0.003000000000
1439265570,265.920000000000,0.052600000000
1439265631,265.920000000000,0.017400000000
1439265632,265.920000000000,0.010000000000
1439265632,265.920000000000,0.020000000000
1439265632,265.920000000000,0.010000000000
1439265633,265.920000000000,0.159400000000
1439265633,265.920000000000,0.010000000000
1439265658,265.920000000000,0.010600000000
1439265658,265.920000000000,0.010000000000
1439265658,265.920000000000,0.010000000000
1439265659,265.860000000000,0.129500000000
1439265659,265.920000000000,0.010000000000
1439265701,265.990000000000,93.302300000000
1439266295,266.000000000000,1.822300000000
1439266295,265.990000000000,6.697700000000
1439266609,266.000000000000,8.177700000000
1439266610,266.010000000000,1.102200000000
1439266808,266.190000000000,0.020000000000
1439266809,266.190000000000,0.310000000000
1439266809,266.190000000000,0.100000000000
1439266810,266.170000000000,5.586000000000
1439266810,266.190000000000,0.010000000000
1439266810,266.190000000000,0.010000000000
1439266812,266.160000000000,86.406500000000
1439266825,266.380000000000,1.450000000000
1439267142,266.380000000000,3.429400000000
1439272236,266.430000000000,2.000000000000
1439272743,266.420000000000,2.000000000000
1439272743,266.420000000000,0.190000000000
1439272744,266.420000000000,0.020000000000
1439272745,266.420000000000,0.010000000000
1439272938,266.430000000000,2.000000000000
1439273168,266.260000000000,0.250000000000
1439273168,266.110000000000,5.573000000000
1439273169,266.100000000000,2.000000000000
1439274809,266.260000000000,1.960000000000
1439275254,266.290000000000,0.100000000000
1439275254,266.290000000000,5.583000000000
1439275340,266.430000000000,7.873000000000
1439275802,266.960000000000,2.700000000000
1439275813,266.960000000000,0.040000000000
1439275950,266.960000000000,2.000000000000
1439275979,266.960000000000,5.535000000000
1439275980,266.970000000000,2.465000000000
1439275993,266.990000000000,85.978900000000
1439275994,266.960000000000,1.450000000000
1439276000,266.990000000000,14.021100000000
1439276026,267.290000000000,1.378600000000
1439276026,267.290000000000,0.020000000000
1439276167,267.290000000000,0.030000000000
1439276168,267.290000000000,0.020000000000
1439276168,267.290000000000,0.550000000000
1439276429,267.050000000000,2.000000000000
1439276469,267.270000000000,0.010000000000
1439276469,267.290000000000,0.390000000000
1439276513,267.200000000000,0.010000000000
1439276513,267.200000000000,0.010000000000
1439276957,267.040000000000,0.050000000000
1439276958,267.040000000000,0.030000000000
1439277007,266.680000000000,0.220000000000
1439277008,266.650000000000,0.410000000000
1439277043,266.300000000000,12.798600000000
1439277176,266.490000000000,2.000000000000
1439277726,266.150000000000,1.960000000000
1439277803,266.150000000000,0.040000000000
1439278875,266.060000000000,0.860000000000
1439278892,266.000000000000,0.100000000000
1439278906,265.860000000000,5.593000000000
1439278908,265.860000000000,0.040000000000
1439278909,265.850000000000,0.149000000000
1439278942,265.850000000000,7.378000000000
1439279062,265.600000000000,1.440000000000
1439279147,265.680000000000,1.300000000000
1439279655,265.530000000000,0.040000000000
1439279865,265.680000000000,0.060000000000
1439280017,265.760000000000,0.020000000000
1439280017,265.760000000000,0.020000000000
1439280445,265.490000000000,0.100000000000
1439280790,265.560000000000,0.030000000000
1439280790,265.560000000000,0.010000000000
1439280793,265.560000000000,0.020000000000
1439281079,265.830000000000,7.057000000000
1439281340,265.840000000000,0.100000000000
1439281534,266.610000000000,0.200000000000
1439282427,266.460000000000,0.120000000000
1439282427,266.470000000000,5.624000000000
1439282624,266.610000000000,0.010000000000
1439282624,266.610000000000,0.060000000000
1439282625,266.620000000000,6.669000000000
1439283981,266.440000000000,7.248000000000
1439283981,266.450000000000,0.140000000000
1439284041,266.470000000000,0.010000000000
1439284041,266.470000000000,0.190000000000
1439284083,266.520000000000,0.300000000000
1439284854,266.340000000000,0.040000000000
1439286126,266.320000000000,0.060000000000
1439286126,266.320000000000,0.010000000000
1439286127,266.320000000000,0.030000000000
1439286127,266.320000000000,0.010000000000
1439286128,266.320000000000,0.010000000000
1439286128,266.320000000000,0.010000000000
1439286129,266.320000000000,0.010000000000
1439286129,266.320000000000,0.010000000000
1439286129,266.320000000000,0.010000000000
1439286130,266.320000000000,0.010000000000
1439286148,266.320000000000,1.130000000000
1439286149,266.320000000000,0.040000000000
1439286149,266.380000000000,1.060000000000
1439286988,266.380000000000,0.020000000000
1439286988,266.380000000000,0.010000000000
1439287270,266.390000000000,7.442000000000
1439288092,266.450000000000,200.000000000000
1439288108,266.450000000000,200.000000000000
1439288110,266.270000000000,5.000000000000
1439288117,266.280000000000,5.000000000000
1439288122,266.440000000000,5.582000000000
1439288124,266.450000000000,194.418000000000
1439288125,266.260000000000,5.000000000000
1439288132,266.410000000000,5.000000000000
1439288132,266.450000000000,5.582000000000
1439288133,266.450000000000,0.090000000000
1439288133,266.460000000000,102.636000000000
1439288139,266.280000000000,5.000000000000
1439288141,266.450000000000,97.364000000000
1439288142,266.450000000000,5.595000000000
1439288145,266.450000000000,5.000000000000
1439288151,266.450000000000,5.000000000000
1439288153,266.450000000000,87.041000000000
1439288158,266.360000000000,0.040000000000
1439288159,266.300000000000,3.522000000000
1439288159,266.280000000000,1.438000000000
1439288161,266.450000000000,112.959000000000
1439288162,266.450000000000,0.040000000000
1439288163,266.450000000000,5.552000000000
1439288166,266.450000000000,5.000000000000
1439288173,266.450000000000,5.000000000000
1439288181,266.450000000000,5.000000000000
1439288187,266.360000000000,0.040000000000
1439288188,266.280000000000,4.960000000000
1439288194,266.280000000000,0.030000000000
1439288195,266.270000000000,4.970000000000
1439288201,266.310000000000,2.250000000000
1439288208,266.300000000000,5.000000000000
1439288214,266.210000000000,5.000000000000
1439288222,266.190000000000,5.000000000000
1439288225,266.620000000000,5.561000000000
1439288226,266.630000000000,69.279000000000
1439288226,266.620000000000,0.160000000000
1439288229,266.230000000000,5.000000000000
1439288235,266.220000000000,5.000000000000
1439288657,266.550000000000,2.000000000000
1439288674,266.530000000000,0.100000000000
1439288714,266.610000000000,4.000000000000
1439288716,266.600000000000,3.213000000000
1439288917,266.590000000000,2.930000000000
1439289451,266.670000000000,0.010000000000
1439289451,266.670000000000,0.010000000000
1439289620,266.830000000000,0.050000000000
1439290493,267.000000000000,0.110000000000
1439290493,267.000000000000,0.060000000000
1439290659,267.140000000000,0.072800000000
1439291078,267.240000000000,1.440000000000
1439292012,267.230000000000,0.260000000000
1439292013,267.300000000000,0.199000000000
1439292014,267.360000000000,72.484200000000
1439292017,267.400000000000,1.960000000000
1439292051,267.400000000000,0.001000000000
1439292340,267.420000000000,2.000000000000
1439292341,267.440000000000,5.451400000000
1439292363,267.400000000000,6.631000000000
1439292433,267.400000000000,5.617000000000
1439292493,267.400000000000,6.491000000000
1439292539,267.400000000000,6.356800000000
1439292539,267.400000000000,0.001000000000
1439293063,267.310000000000,0.700000000000
1439293974,267.180000000000,0.110000000000
1439293975,267.180000000000,0.080000000000
1439293976,267.180000000000,0.480000000000
1439293989,267.280000000000,0.610000000000
1439293990,267.290000000000,0.050000000000
1439293991,267.310000000000,5.373000000000
1439293996,267.360000000000,5.862000000000
1439294133,267.470000000000,1.440000000000
1439294883,267.060000000000,2.000000000000
1439294884,267.040000000000,3.654000000000
1439295271,266.870000000000,7.736000000000
1439295277,266.620000000000,1.440000000000
1439295446,266.640000000000,1.960000000000
1439295499,266.620000000000,109.736100000000
1439295499,266.620000000000,0.050000000000
1439295499,266.620000000000,0.010000000000
1439295640,266.460000000000,2.000000000000
1439295643,266.460000000000,0.020000000000
1439295719,266.460000000000,0.040000000000
1439295719,266.460000000000,0.020000000000
1439295720,266.460000000000,5.558000000000
1439295721,266.450000000000,100.387100000000
1439296650,266.120000000000,4.000000000000
1439296669,266.130000000000,0.020000000000
1439296670,266.130000000000,0.010000000000
1439297538,266.180000000000,7.565000000000
1439297554,266.160000000000,1.300000000000
1439297576,266.030000000000,0.020000000000
1439297576,266.100000000000,3.700000000000
1439297705,266.010000000000,0.040000000000
1439297705,266.010000000000,0.140000000000
1439297706,266.030000000000,1.820000000000
1439297850,265.880000000000,0.110000000000
1439297889,265.840000000000,0.140000000000
1439297890,265.830000000000,6.256000000000
1439297895,265.840000000000,0.010000000000
1439298445,266.070000000000,8.000000000000
1439298455,266.000000000000,10.000000000000
1439298488,266.020000000000,5.595000000000
1439298489,266.010000000000,3.210000000000
1439298490,266.010000000000,0.190000000000
1439298490,265.980000000000,4.641000000000
1439298493,265.910000000000,5.789000000000
1439298566,265.910000000000,5.575000000000
1439298613,266.300000000000,1.960000000000
1439298615,266.300000000000,5.960500000000
1439298616,266.300000000000,0.110000000000
1439298834,266.110000000000,0.047000000000
1439298834,266.110000000000,0.100000000000
1439299612,266.050000000000,0.140000000000
1439299637,266.090000000000,0.147000000000
1439299686,266.090000000000,0.147000000000
1439299691,266.090000000000,0.147000000000
1439299721,266.090000000000,1.860000000000
1439299750,266.090000000000,0.148000000000
1439299763,266.090000000000,0.147000000000
1439299774,266.090000000000,0.147000000000
1439299781,266.090000000000,0.147000000000
1439299795,266.090000000000,0.147000000000
1439299817,266.090000000000,0.147000000000
1439299832,266.090000000000,7.863000000000
1439300070,266.090000000000,19.831600000000
1439300071,266.090000000000,0.030000000000
1439300071,265.940000000000,5.555000000000
1439300071,266.090000000000,0.040000000000
1439300071,266.090000000000,0.040000000000
1439300071,266.090000000000,0.240000000000
1439300282,266.050000000000,0.010000000000
1439300325,265.820000000000,16.000000000000
1439300326,265.810000000000,1.990000000000
1439300327,265.810000000000,0.140000000000
1439300328,265.760000000000,5.000000000000
1439300329,265.710000000000,16.870000000000
1439300577,266.030000000000,2.000000000000
1439300586,266.050000000000,1.960000000000
1439300588,266.050000000000,0.030000000000
1439300629,266.090000000000,0.180000000000
1439300630,266.040000000000,5.614000000000
1439300630,266.050000000000,10.610000000000
1439300631,266.030000000000,83.596000000000
1439301081,266.260000000000,4.000000000000
1439301081,266.360000000000,5.573000000000
1439301082,266.370000000000,60.427000000000
1439301109,266.220000000000,2.000000000000
1439301109,266.290000000000,3.500000000000
1439301127,266.230000000000,3.000000000000
1439301218,266.240000000000,0.130000000000
1439301332,266.310000000000,0.090000000000
1439301332,266.310000000000,0.024600000000
1439301337,266.310000000000,0.010000000000
1439301337,266.310000000000,0.010000000000
1439301337,266.310000000000,0.040000000000
1439301338,266.000000000000,3.980000000000
1439301692,266.120000000000,4.768000000000
1439301693,266.230000000000,5.544000000000
1439301693,266.230000000000,3.132000000000
1439301699,266.240000000000,8.214000000000
1439301703,266.240000000000,1.960000000000
1439301794,266.340000000000,2.000000000000
1439301877,266.340000000000,0.040000000000
1439301877,266.350000000000,9.800000000000
1439302608,266.260000000000,6.856000000000
1439302644,266.250000000000,5.718000000000
1439302840,266.230000000000,2.000000000000
1439302841,266.230000000000,0.020000000000
1439303640,266.110000000000,0.080000000000
1439303641,266.080000000000,1.920000000000
1439304492,266.250000000000,4.766000000000
1439304740,266.200000000000,0.090000000000
1439304741,266.320000000000,1.470000000000
1439304741,266.260000000000,0.400000000000
1439304979,266.480000000000,1.000000000000
1439304989,266.480000000000,1.000000000000
1439305004,266.480000000000,1.000000000000
1439305039,266.480000000000,1.000000000000
1439305876,266.440000000000,0.200000000000
1439305885,266.440000000000,0.100000000000
1439305896,266.440000000000,0.300000000000
1439305934,266.440000000000,0.300000000000
1439305945,266.440000000000,0.300000000000
1439305952,266.440000000000,0.300000000000
1439305979,266.440000000000,0.300000000000
1439305990,266.440000000000,0.300000000000
1439306001,266.440000000000,0.300000000000
1439306010,266.440000000000,0.300000000000
1439306024,266.440000000000,0.300000000000
1439306042,266.440000000000,0.200000000000
1439306048,266.440000000000,0.100000000000
1439306049,266.440000000000,0.100000000000
1439306056,266.440000000000,0.200000000000
1439306059,266.440000000000,0.200000000000
1439306064,266.440000000000,0.100000000000
1439306068,266.440000000000,0.100000000000
1439306072,266.440000000000,0.200000000000
1439306079,266.440000000000,0.300000000000
1439306084,266.440000000000,0.300000000000
1439306092,266.440000000000,0.300000000000
1439306099,266.440000000000,0.300000000000
1439306106,266.440000000000,0.300000000000
1439306113,266.440000000000,0.300000000000
1439306121,266.440000000000,0.300000000000
1439306127,266.440000000000,0.300000000000
1439306134,266.440000000000,0.300000000000
1439306142,266.440000000000,0.300000000000
1439306143,266.440000000000,0.300000000000
1439306149,266.440000000000,0.300000000000
1439306153,266.440000000000,0.300000000000
1439306156,266.440000000000,0.300000000000
1439306163,266.440000000000,0.300000000000
1439306167,266.440000000000,0.300000000000
1439306171,266.440000000000,0.300000000000
1439306179,266.130000000000,0.200000000000
1439306948,266.360000000000,0.010000000000
1439306979,266.400000000000,4.000000000000
1439306980,266.400000000000,0.010000000000
1439306981,266.410000000000,3.901000000000
1439307088,266.400000000000,1.099000000000
1439307103,266.410000000000,1.099000000000
1439307218,266.450000000000,1.000000000000
1439307313,266.460000000000,2.000000000000
1439307780,266.400000000000,1.000000000000
1439307781,266.400000000000,0.020000000000
1439307784,266.400000000000,0.980000000000
1439307903,266.480000000000,12.720000000000
1439308079,266.480000000000,2.280000000000
1439308107,266.390000000000,5.687000000000
1439308213,266.150000000000,5.000000000000
1439308220,266.150000000000,0.100000000000
1439308220,266.140000000000,4.900000000000
1439308226,266.260000000000,5.000000000000
1439308233,266.340000000000,5.000000000000
1439308239,266.330000000000,0.620000000000
1439308247,266.340000000000,5.000000000000
1439310882,265.710000000000,3.450000000000
1439310889,265.710000000000,4.570000000000
1439310896,265.710000000000,0.110000000000
1439310923,265.600000000000,0.210000000000
1439310930,265.540000000000,0.040000000000
1439310936,265.550000000000,0.180000000000
1439310948,265.580000000000,0.220000000000
1439311021,265.680000000000,4.400000000000
1439311028,265.680000000000,0.060000000000
1439311035,265.680000000000,0.201000000000
1439311036,265.570000000000,3.098000000000
1439311037,265.560000000000,1.521000000000
1439311845,265.720000000000,1.460000000000
1439311893,265.860000000000,1.460000000000
1439312447,265.740000000000,0.010000000000
1439312448,265.740000000000,0.160000000000
1439312448,265.740000000000,0.030000000000
1439312449,265.740000000000,0.010000000000
1439312449,265.740000000000,0.010000000000
1439312450,265.740000000000,0.020000000000
1439312450,265.740000000000,0.020000000000
1439312451,265.740000000000,0.020000000000
1439313069,265.910000000000,0.460000000000
1439313080,265.980000000000,0.420000000000
1439313081,265.980000000000,1.960000000000
1439313423,266.210000000000,0.867600000000
1439313442,266.210000000000,1.231300000000
1439313492,266.310000000000,0.796200000000
1439313503,266.310000000000,1.151600000000
1439313505,265.980000000000,0.010000000000
1439313506,265.980000000000,0.010000000000
1439313506,265.980000000000,0.130000000000
1439313507,265.890000000000,0.008400000000
1439313509,266.270000000000,0.221500000000
1439313579,266.270000000000,0.073900000000
1439313586,266.270000000000,0.738600000000
1439313778,266.270000000000,0.147700000000
1439314264,266.100000000000,5.554000000000
1439314266,266.080000000000,3.160000000000
1439314269,266.190000000000,3.669000000000
1439314566,266.190000000000,0.010000000000
1439314566,266.190000000000,0.140000000000
1439314878,266.270000000000,0.604200000000
1439315674,266.490000000000,0.070000000000
1439315832,266.490000000000,0.017400000000
1439315833,266.490000000000,0.020000000000
1439315833,266.320000000000,3.427000000000
1439315834,266.310000000000,100.755400000000
1439316263,266.500000000000,1.038900000000
1439316263,266.500000000000,0.020000000000
1439316264,266.560000000000,5.628000000000
1439316265,266.570000000000,3.313100000000
1439316266,266.390000000000,2.000000000000
1439316266,266.390000000000,0.030000000000
1439316703,266.190000000000,0.080000000000
1439316704,266.190000000000,0.031300000000
1439316708,266.190000000000,0.001100000000
1439318144,266.470000000000,2.000000000000
1439318168,266.420000000000,4.369000000000
1439318173,266.420000000000,0.631000000000
1439318953,266.540000000000,0.754000000000
1439319465,266.540000000000,0.246000000000
1439319466,266.560000000000,6.000000000000
1439319466,266.550000000000,2.675000000000
1439319467,266.570000000000,18.709000000000
1439319940,266.250000000000,5.551000000000
1439319942,266.250000000000,2.000000000000
1439320068,266.370000000000,4.000000000000
1439320488,266.350000000000,0.070000000000
1439320571,266.510000000000,7.056000000000
1439322174,266.420000000000,0.010000000000
1439322175,266.790000000000,55.990000000000
1439322569,266.720000000000,56.100000000000
1439322608,266.660000000000,0.103000000000
1439322652,266.660000000000,6.600000000000
1439323983,266.570000000000,5.567000000000
1439324371,266.690000000000,0.100000000000
1439324984,266.700000000000,1.960000000000
1439325086,266.700000000000,5.597000000000
1439325086,266.700000000000,0.030000000000
1439325087,266.690000000000,1.709000000000
1439325254,266.740000000000,3.600000000000
1439326432,266.690000000000,2.000000000000
1439327691,266.730000000000,1.940000000000
1439327691,266.890000000000,0.020000000000
1439327702,266.890000000000,2.000000000000
1439327878,266.900000000000,5.000000000000
1439328174,266.990000000000,7.238000000000
1439328294,266.990000000000,92.762000000000
1439328295,266.990000000000,0.020000000000
1439328295,266.990000000000,0.040000000000
1439328296,267.510000000000,1.960000000000
1439328569,267.490000000000,2.000000000000
1439328570,267.490000000000,0.280000000000
1439328574,267.490000000000,1.960000000000
1439328611,267.990000000000,1.960000000000
1439328775,267.740000000000,2.508500000000
1439328824,267.950000000000,0.180000000000
1439328836,267.940000000000,0.050000000000
1439328837,267.990000000000,7.329000000000
1439328898,267.990000000000,30.000000000000
1439328946,267.990000000000,10.000000000000
1439328946,267.990000000000,60.711000000000
1439328947,267.990000000000,10.000000000000
1439328947,267.990000000000,10.000000000000
1439328947,267.990000000000,4.847600000000
1439328947,267.990000000000,10.000000000000
1439328948,268.170000000000,2.467700000000
1439328948,267.990000000000,5.152400000000
1439329007,268.630000000000,0.210000000000
1439329105,268.900000000000,2.000000000000
1439329106,268.790000000000,5.536000000000
1439329107,268.780000000000,93.471600000000
1439329158,268.910000000000,0.140000000000
1439329158,268.910000000000,0.020000000000
1439329161,268.980000000000,5.569000000000
1439329162,268.990000000000,2.307000000000
1439329163,268.990000000000,96.453500000000
1439329163,268.990000000000,1.239500000000
1439329163,269.000000000000,0.010000000000
1439329171,269.080000000000,91.628300000000
1439329181,268.940000000000,5.118300000000
1439329219,269.500000000000,0.445000000000
1439329226,269.490000000000,0.491400000000
1439329365,269.520000000000,2.500000000000
1439329365,269.480000000000,0.936400000000
1439329366,269.480000000000,0.130000000000
1439329697,269.410000000000,1.063600000000
1439329712,269.550000000000,7.457000000000
1439329865,269.570000000000,0.190000000000
1439329962,269.550000000000,1.479400000000
1439329963,269.550000000000,0.000600000000
1439329974,269.680000000000,0.746400000000
1439329974,269.680000000000,92.573600000000
1439329980,269.680000000000,6.680000000000
1439331292,269.800000000000,8.632000000000
1439331317,269.990000000000,6.366000000000
1439331321,269.990000000000,52.261700000000
1439331321,270.000000000000,25.000000000000
1439331322,270.000000000000,9.066300000000
1439331322,270.000000000000,15.933700000000
1439331323,270.450000000000,1.000000000000
1439331324,270.450000000000,9.000000000000
1439331324,270.450000000000,10.000000000000
1439331325,270.450000000000,1.000000000000
1439331325,270.450000000000,10.000000000000
1439331328,270.450000000000,9.000000000000
1439331328,270.450000000000,10.000000000000
1439331328,270.540000000000,2.000000000000
1439331329,270.630000000000,0.110000000000
1439331333,270.610000000000,3.323000000000
1439331333,270.770000000000,5.121000000000
1439331333,270.930000000000,4.857000000000
1439331334,270.970000000000,5.492000000000
1439331335,271.010000000000,0.110000000000
1439331335,271.010000000000,7.374000000000
1439331337,271.080000000000,0.040000000000
1439331338,271.080000000000,5.463000000000
1439331351,270.480000000000,1.960000000000
1439331355,270.650000000000,0.090000000000
1439331358,270.650000000000,0.030000000000
1439331366,270.490000000000,5.486000000000
1439331367,270.480000000000,0.030000000000
1439331367,270.490000000000,3.331000000000
1439331369,270.250000000000,3.356000000000
1439331370,270.240000000000,3.218000000000
1439331376,270.380000000000,4.271000000000
1439331381,270.250000000000,2.936000000000
1439331389,270.250000000000,0.030000000000
1439331391,270.250000000000,0.030000000000
1439331404,270.390000000000,0.020000000000
1439331405,270.390000000000,0.010000000000
1439331410,270.660000000000,0.070000000000
1439331671,270.920000000000,0.220000000000
1439331671,270.920000000000,0.110000000000
1439331703,270.660000000000,0.130000000000
1439331703,270.680000000000,0.120000000000
1439331704,270.580000000000,32.810000000000
1439331716,270.680000000000,0.200000000000
1439331726,270.680000000000,0.010000000000
1439331728,270.680000000000,0.020000000000
1439331822,270.640000000000,0.170000000000
1439331838,270.630000000000,0.090000000000
1439331839,270.630000000000,0.030000000000
1439331839,270.630000000000,0.100000000000
1439332096,270.200000000000,0.010000000000
1439332097,270.200000000000,0.090000000000
1439332098,270.120000000000,1.910000000000
1439332107,270.160000000000,1.960000000000
1439332575,270.430000000000,1.910000000000
1439332673,270.860000000000,2.000000000000
1439332682,270.820000000000,0.440000000000
1439332682,270.820000000000,0.010000000000
1439332683,270.730000000000,4.194000000000
1439332834,270.890000000000,1.694300000000
1439333053,270.710000000000,0.420000000000
1439333058,270.660000000000,0.467600000000
1439333411,271.510000000000,2.000000000000
1439333412,271.530000000000,91.647300000000
1439333412,271.530000000000,6.352700000000
1439333454,271.450000000000,2.000000000000
1439333473,271.450000000000,0.110000000000
1439333474,271.450000000000,0.010000000000
1439333474,271.450000000000,0.100000000000
1439333487,271.410000000000,7.088000000000
1439333530,271.410000000000,0.020000000000
1439333530,271.410000000000,0.050000000000
1439333532,271.410000000000,0.020000000000
1439334206,271.210000000000,0.240000000000
1439334207,271.210000000000,0.040000000000
1439334369,271.140000000000,4.444000000000
1439335458,270.960000000000,1.900000000000
1439335458,271.010000000000,0.060000000000
1439336012,271.020000000000,7.086000000000
1439337741,271.780000000000,0.100000000000
1439337813,271.770000000000,0.100000000000
1439337814,271.770000000000,0.010000000000
1439337814,271.520000000000,92.768700000000
1439337838,271.480000000000,89.043000000000
1439337838,271.480000000000,0.230000000000
1439337947,271.450000000000,0.200000000000
1439337947,271.460000000000,4.190000000000
1439337948,271.420000000000,1.610000000000
1439338088,271.420000000000,0.010000000000
1439338089,271.420000000000,0.100000000000
1439338139,271.400000000000,5.430000000000
1439338953,271.400000000000,0.020000000000
1439338953,271.400000000000,0.040000000000
1439338953,271.400000000000,0.010000000000
1439338954,271.400000000000,0.010000000000
1439338954,271.400000000000,0.020000000000
1439338954,271.400000000000,0.020000000000
1439338954,271.400000000000,0.010000000000
1439338954,271.400000000000,0.030000000000
1439339212,271.030000000000,83.055800000000
1439339212,271.030000000000,0.320000000000
1439339213,271.030000000000,0.010000000000
1439339213,271.030000000000,0.080000000000
1439339339,270.980000000000,0.190000000000
1439339903,270.820000000000,0.030000000000
1439339904,270.820000000000,0.010000000000
1439339904,270.820000000000,0.010000000000
1439339905,270.820000000000,0.010000000000
1439339905,270.820000000000,0.040000000000
1439339906,270.820000000000,0.090000000000
1439339906,270.820000000000,0.090000000000
1439340753,270.490000000000,0.070000000000
1439340753,270.490000000000,2.000000000000
1439340757,270.450000000000,10.000000000000
1439340757,270.450000000000,0.020000000000
1439340758,270.450000000000,0.010000000000
1439340761,270.150000000000,0.010000000000
1439341231,269.960000000000,0.244500000000
1439341232,269.990000000000,5.519000000000
1439341233,270.000000000000,38.000000000000
1439341463,270.000000000000,31.236500000000
1439341463,270.000000000000,0.020000000000
1439341843,269.610000000000,5.467000000000
1439341844,269.610000000000,0.250000000000
1439341845,269.600000000000,7.400000000000
1439341845,269.610000000000,0.060000000000
1439342336,269.420000000000,0.250000000000
1439342337,269.420000000000,0.010000000000
1439342338,269.420000000000,0.010000000000
1439342459,269.260000000000,1.960000000000
1439342464,269.260000000000,0.040000000000
1439342467,269.260000000000,4.689000000000
1439343200,269.230000000000,0.170000000000
1439343200,269.230000000000,1.790000000000
1439343671,269.180000000000,0.210000000000
1439343786,269.050000000000,1.960000000000
1439343860,269.000000000000,55.200000000000
1439343861,269.000000000000,0.030000000000
1439344768,268.800000000000,0.220000000000
1439344769,268.800000000000,1.740000000000
1439345037,268.800000000000,0.260000000000
1439345038,268.560000000000,4.913000000000
1439345038,268.800000000000,0.230000000000
1439345446,268.980000000000,1.960000000000
1439345508,269.080000000000,5.533000000000
1439346524,269.680000000000,1.000000000000
1439346525,269.650000000000,30.000000000000
1439346531,269.870000000000,5.493000000000
1439346534,269.870000000000,0.060000000000
1439346535,269.870000000000,0.010000000000
1439346538,270.020000000000,0.020000000000
1439346546,270.200000000000,0.010000000000
1439346547,270.200000000000,0.010000000000
1439346549,270.200000000000,0.110000000000
1439346551,270.200000000000,0.130000000000
1439346557,270.200000000000,0.040000000000
1439346559,270.200000000000,0.040000000000
1439346564,270.200000000000,0.090000000000
1439346567,270.200000000000,0.010000000000
1439346570,270.200000000000,3.000000000000
1439346589,270.460000000000,5.857000000000
1439346833,270.790000000000,0.020000000000
1439346834,271.170000000000,0.740000000000
1439346834,271.150000000000,0.260000000000
1439346836,271.180000000000,27.307000000000
1439346836,271.170000000000,2.693000000000
1439346845,271.490000000000,0.060000000000
1439346851,271.590000000000,50.000000000000
1439346851,271.560000000000,1.960000000000
1439346863,271.710000000000,0.020000000000
1439346863,271.710000000000,1.740000000000
1439346864,271.960000000000,5.450000000000
1439346864,271.900000000000,3.796000000000
1439346865,271.970000000000,5.000000000000
1439346865,271.970000000000,5.000000000000
1439346865,271.960000000000,3.364000000000
1439346866,271.970000000000,5.000000000000
1439346866,271.970000000000,5.000000000000
1439346866,271.990000000000,44.145300000000
1439346866,271.970000000000,5.000000000000
1439346868,271.990000000000,5.854700000000
1439346912,272.020000000000,2.000000000000
1439346912,272.000000000000,5.444000000000
1439346913,271.760000000000,3.717000000000
1439346916,271.830000000000,5.433000000000
1439346930,271.830000000000,0.020000000000
1439346930,271.830000000000,0.020000000000
1439346930,271.830000000000,0.020000000000
1439347107,271.890000000000,0.060000000000
1439347107,271.890000000000,0.030000000000
1439347108,271.890000000000,0.020000000000
1439347109,271.890000000000,0.010000000000
1439347110,271.890000000000,0.030000000000
1439347110,271.890000000000,0.020000000000
1439347110,271.890000000000,0.010000000000
1439347111,271.730000000000,5.500000000000
1439347112,271.720000000000,72.404700000000
1439347138,271.870000000000,0.010000000000
1439347138,271.870000000000,75.727700000000
1439347179,271.810000000000,0.010000000000
1439347179,271.810000000000,72.212600000000
1439347199,271.600000000000,0.170000000000
1439347270,271.500000000000,0.010000000000
1439347293,271.400000000000,0.040000000000
1439347294,271.410000000000,5.500000000000
1439347294,271.400000000000,0.060000000000
1439347295,271.420000000000,44.400000000000
1439347548,271.390000000000,2.000000000000
1439347548,271.390000000000,0.290000000000
1439347568,271.010000000000,5.491000000000
1439347569,271.020000000000,6.509000000000
1439347570,270.960000000000,0.060000000000
1439347607,270.930000000000,1.500000000000
1439348562,271.040000000000,5.868000000000
1439348663,271.260000000000,7.542000000000
1439349028,271.500000000000,0.510000000000
1439349095,271.300000000000,2.000000000000
1439349123,271.300000000000,2.000000000000
1439349157,271.300000000000,2.000000000000
1439349164,271.300000000000,2.000000000000
1439349179,271.300000000000,2.000000000000
1439349207,271.150000000000,0.020000000000
1439349291,270.840000000000,6.521000000000
1439349813,270.710000000000,0.470000000000
1439349813,270.710000000000,0.050000000000
1439349814,270.700000000000,1.800000000000
1439350009,270.570000000000,0.360000000000
1439350009,270.570000000000,0.110000000000
1439350009,270.570000000000,0.040000000000
1439350009,270.570000000000,0.010000000000
1439350010,270.570000000000,0.010000000000
1439350250,270.400000000000,0.560000000000
1439350250,270.400000000000,5.000000000000
1439350721,270.500000000000,0.050000000000
1439351134,270.500000000000,0.030500000000
1439351134,270.500000000000,0.949500000000
1439351144,270.500000000000,0.020000000000
1439351150,270.670000000000,6.429000000000
1439351986,271.020000000000,0.100000000000
1439352087,271.020000000000,5.269000000000
1439352401,271.020000000000,0.020000000000
1439352537,271.030000000000,0.140000000000
1439352564,270.790000000000,0.140000000000
1439352565,270.790000000000,0.540000000000
1439352654,270.520000000000,2.000000000000
1439353125,270.410000000000,0.510000000000
1439353126,270.410000000000,0.040000000000
1439353126,270.410000000000,0.030000000000
1439353184,270.260000000000,2.348600000000
1439354010,270.040000000000,0.020000000000
1439354010,270.040000000000,0.996200000000
1439354011,270.040000000000,0.160000000000
1439355214,269.650000000000,0.010000000000
1439355214,269.650000000000,0.010000000000
1439355534,269.910000000000,2.730000000000
1439356558,270.450000000000,2.709000000000
1439356559,270.460000000000,0.491000000000
1439356579,270.460000000000,0.080000000000
1439357463,270.530000000000,5.501000000000
1439357463,270.530000000000,0.010000000000
1439357464,270.620000000000,2.000000000000
1439358168,270.520000000000,0.010000000000
1439358168,270.520000000000,0.010000000000
1439358169,270.520000000000,0.010000000000
1439358169,270.520000000000,0.010000000000
1439358169,270.520000000000,0.010000000000
1439358169,270.520000000000,0.010000000000
1439358170,270.520000000000,0.060000000000
1439358170,270.520000000000,0.280000000000
1439358236,270.300000000000,0.170000000000
1439358290,270.140000000000,0.040000000000
1439358291,270.140000000000,0.100000000000
1439358291,270.100000000000,2.000000000000
1439358296,270.110000000000,0.010000000000
1439358297,270.110000000000,0.030000000000
1439358297,270.110000000000,0.030000000000
1439358298,270.010000000000,0.030000000000
1439358359,269.630000000000,0.010000000000
1439358360,269.630000000000,0.030000000000
1439358669,269.270000000000,0.240000000000
1439358669,269.270000000000,0.020000000000
1439359014,269.060000000000,0.010000000000
1439359014,269.060000000000,2.862400000000
1439359015,269.060000000000,0.030000000000
1439359015,269.060000000000,0.010000000000
1439359015,269.060000000000,0.010000000000
1439359015,269.060000000000,0.040000000000
1439359016,269.060000000000,0.010000000000
1439359016,269.060000000000,0.030000000000
1439359585,268.850000000000,0.800000000000
1439359602,268.870000000000,5.304000000000
1439359743,269.070000000000,8.220000000000
1439359799,269.060000000000,1.960000000000
1439359800,269.050000000000,2.000000000000
1439359800,269.050000000000,0.130000000000
1439360336,268.910000000000,0.080000000000
1439360336,268.910000000000,0.080000000000
1439360337,268.890000000000,1.800000000000
1439360571,268.910000000000,0.010000000000
1439360571,268.910000000000,0.270000000000
1439360572,268.900000000000,5.540000000000
1439360573,268.890000000000,72.430300000000
1439360573,268.790000000000,3.227000000000
1439360574,268.750000000000,18.522700000000
1439360607,269.010000000000,68.793100000000
1439361630,268.910000000000,0.040000000000
1439361631,268.910000000000,0.030000000000
1439361631,268.910000000000,0.040000000000
1439361632,268.910000000000,0.010000000000
1439361632,268.910000000000,0.010000000000
1439361633,268.910000000000,0.020000000000
1439361633,268.910000000000,0.020000000000
1439361645,268.870000000000,65.000000000000
1439361804,268.670000000000,0.147000000000
1439361807,268.670000000000,0.010000000000
1439361808,268.670000000000,0.040000000000
1439361809,268.670000000000,0.090000000000
1439361811,268.670000000000,1.960000000000
1439361850,268.700000000000,5.567000000000
1439362051,268.690000000000,8.756000000000
1439362060,268.690000000000,16.244000000000
1439362060,268.690000000000,0.080000000000
1439362061,268.690000000000,0.020000000000
1439362061,268.690000000000,0.040000000000
1439362433,268.490000000000,0.060000000000
1439362433,268.490000000000,5.600000000000
1439363382,268.280000000000,0.100000000000
1439363383,268.280000000000,0.010000000000
1439363383,268.280000000000,0.170000000000
1439363384,268.280000000000,0.010000000000
1439363425,268.220000000000,1.710000000000
1439363482,268.290000000000,1.960000000000
1439364940,268.310000000000,7.000000000000
1439364941,268.300000000000,0.020000000000
1439364941,268.300000000000,0.030000000000
1439364941,268.300000000000,0.040000000000
1439364941,268.300000000000,0.040000000000
1439365277,268.270000000000,6.170000000000
1439365896,268.430000000000,0.010000000000
1439365897,268.440000000000,8.353000000000
1439366310,268.140000000000,0.500000000000
1439366327,268.140000000000,0.010000000000
1439366327,268.140000000000,0.100000000000
1439366328,268.140000000000,0.880000000000
1439366328,268.140000000000,0.010000000000
1439366334,268.130000000000,0.500000000000
1439366452,268.380000000000,0.040000000000
1439366452,268.380000000000,20.000000000000
1439366453,268.380000000000,0.010000000000
1439366474,267.890000000000,0.090000000000
1439366475,267.890000000000,0.040000000000
1439366475,267.870000000000,0.870000000000
1439366768,267.850000000000,0.870000000000
1439367427,268.000000000000,6.104000000000
1439367711,268.000000000000,5.418000000000
1439369000,267.930000000000,0.020000000000
1439369001,267.930000000000,0.010000000000
1439369001,267.930000000000,0.010000000000
1439369002,267.930000000000,0.020000000000
1439369003,267.930000000000,0.030000000000
1439369003,267.930000000000,0.010000000000
1439369004,267.930000000000,0.010000000000
1439369004,267.930000000000,0.010000000000
1439369018,267.830000000000,3.738200000000
1439369019,267.830000000000,0.060000000000
1439369164,267.730000000000,4.500000000000
1439370286,267.580000000000,0.020000000000
1439370287,267.590000000000,1.960000000000
1439370519,267.890000000000,0.060000000000
1439370520,267.890000000000,0.020000000000
1439370553,267.990000000000,4.000000000000
1439370554,268.000000000000,1.892000000000
1439370554,267.990000000000,0.050000000000
1439370605,268.000000000000,1.960000000000
1439371175,268.000000000000,2.626000000000
1439371176,268.000000000000,0.010000000000
1439371176,268.000000000000,0.010000000000
1439371176,268.000000000000,0.800000000000
1439371339,268.460000000000,0.004000000000
1439371357,268.490000000000,1.996000000000
1439371358,268.490000000000,0.010000000000
1439373220,268.280000000000,8.758000000000
1439373228,268.280000000000,5.310000000000
1439373351,268.100000000000,0.070000000000
1439373363,268.060000000000,0.080000000000
1439373370,268.050000000000,8.362000000000
1439373716,268.160000000000,0.030000000000
1439373718,268.090000000000,0.010000000000
1439373719,268.090000000000,3.980000000000
1439373797,268.090000000000,0.010000000000
1439373817,268.290000000000,5.544000000000
1439373817,268.280000000000,0.010000000000
1439374184,268.510000000000,0.010000000000
1439376210,268.440000000000,0.070000000000
1439376899,267.880000000000,0.040000000000
1439376899,267.880000000000,0.010000000000
1439378510,267.820000000000,0.070000000000
1439378510,267.820000000000,0.010000000000
1439379085,267.600000000000,1.960000000000
1439379409,267.600000000000,0.030000000000
1439379667,267.150000000000,0.660000000000
1439379985,267.150000000000,0.050000000000
1439379986,267.150000000000,0.050000000000
1439380043,267.150000000000,0.050000000000
1439380043,267.150000000000,1.240000000000
1439380044,267.150000000000,0.010000000000
1439380512,267.360000000000,5.537000000000
1439380513,267.360000000000,0.010000000000
1439380514,267.360000000000,0.020000000000
1439380514,267.370000000000,14.433000000000
1439382131,267.270000000000,0.010000000000
1439382265,267.140000000000,2.000000000000
1439382313,267.210000000000,1.000000000000
1439382624,266.750000000000,0.050000000000
1439382625,266.750000000000,0.050000000000
1439382625,266.750000000000,0.040000000000
1439382629,266.690000000000,0.191000000000
1439382630,266.690000000000,0.010000000000
1439382728,266.480000000000,0.960000000000
1439382734,266.460000000000,0.110000000000
1439382933,266.310000000000,7.604000000000
1439384492,266.460000000000,0.020000000000
1439384493,266.460000000000,0.010000000000
1439384638,266.500000000000,25.000000000000
1439384748,266.500000000000,0.010000000000
1439384748,266.660000000000,4.016100000000
1439384748,266.660000000000,95.973900000000
1439384800,266.650000000000,90.519500000000
1439384800,266.650000000000,0.050000000000
1439384888,266.650000000000,0.200000000000
1439385380,266.660000000000,0.010000000000
1439385380,266.660000000000,0.010000000000
1439385381,266.660000000000,0.010000000000
1439385381,266.660000000000,0.040000000000
1439385381,266.660000000000,0.030000000000
1439385382,266.660000000000,1.860000000000
1439385621,266.660000000000,0.100000000000
1439385622,266.660000000000,0.100000000000
1439385730,266.650000000000,0.010000000000
1439385730,266.650000000000,9.230500000000
1439386376,266.900000000000,2.000000000000
1439386432,266.980000000000,20.000000000000
1439386452,266.950000000000,5.790000000000
1439386453,266.960000000000,0.110000000000
1439386455,266.980000000000,4.000000000000
1439386504,267.100000000000,2.000000000000
1439386504,267.090000000000,4.000000000000
1439386506,267.200000000000,4.000000000000
1439386625,267.060000000000,2.000000000000
1439386626,267.060000000000,0.010000000000
1439387140,266.970000000000,20.000000000000
1439387176,266.980000000000,0.010000000000
1439387176,266.930000000000,57.000000000000
1439387367,267.040000000000,1.960000000000
1439389780,267.000000000000,50.000000000000
1439390311,267.000000000000,48.000000000000
1439390311,267.000000000000,0.010000000000
1439390312,267.000000000000,0.010000000000
1439390853,267.430000000000,0.010000000000
1439390854,267.440000000000,1.950000000000
1439390863,267.490000000000,2.000000000000
1439390863,267.490000000000,0.020000000000
1439391330,268.100000000000,4.000000000000
1439392232,268.250000000000,0.060000000000
1439392233,268.240000000000,1.900000000000
1439393293,268.260000000000,1.960000000000
1439393425,268.260000000000,3.000000000000
1439393827,268.240000000000,0.020000000000
1439393828,268.260000000000,2.491400000000
1439393896,268.350000000000,2.000000000000
1439393897,268.340000000000,8.000000000000
1439394479,268.320000000000,2.000000000000
1439394684,268.340000000000,0.010000000000
1439394685,268.450000000000,0.010000000000
1439394685,268.430000000000,0.010000000000
1439394685,268.360000000000,10.000000000000
1439394688,268.430000000000,0.020000000000
1439395175,268.440000000000,6.000000000000
1439395664,268.250000000000,0.200000000000
1439395665,268.240000000000,0.125200000000
1439396815,268.450000000000,0.020000000000
1439396816,268.450000000000,0.020000000000
1439396817,268.490000000000,4.000000000000
1439396818,268.600000000000,15.089700000000
1439396818,268.500000000000,0.870300000000
1439397001,268.500000000000,5.000000000000
1439397124,268.450000000000,1.150000000000
1439397490,268.730000000000,0.110000000000
1439397491,268.730000000000,0.020000000000
1439397492,268.740000000000,17.020000000000
1439397766,268.230000000000,0.741100000000
1439397766,268.420000000000,0.080000000000
1439397791,268.700000000000,0.080000000000
1439397791,268.700000000000,0.050000000000
1439397792,268.700000000000,0.040000000000
1439397793,268.700000000000,0.010000000000
1439397793,268.700000000000,2.921000000000
1439397794,268.710000000000,46.899000000000
1439398093,268.630000000000,1.330000000000
1439398129,268.340000000000,0.821100000000
1439398370,268.330000000000,0.821100000000
1439402550,268.280000000000,0.010000000000
1439402883,268.470000000000,0.020000000000
1439402884,268.470000000000,0.150000000000
1439402885,268.720000000000,0.010000000000
1439402892,268.730000000000,0.050000000000
1439403143,268.810000000000,5.547000000000
1439403144,268.810000000000,0.150000000000
1439403145,268.810000000000,0.180000000000
1439403145,268.810000000000,0.010000000000
1439403146,268.810000000000,0.010000000000
1439403146,268.810000000000,0.040000000000
1439403147,268.810000000000,0.010000000000
1439403226,268.660000000000,5.000000000000
1439403240,268.900000000000,10.000000000000
1439403240,268.800000000000,0.080000000000
1439403240,268.800000000000,0.020000000000
1439403240,268.800000000000,0.070000000000
1439403242,268.940000000000,10.000000000000
1439403243,269.000000000000,0.080000000000
1439403245,269.020000000000,1.960000000000
1439403456,269.020000000000,0.100000000000
1439403457,269.020000000000,0.050000000000
1439403457,269.020000000000,0.010000000000
1439403457,269.020000000000,0.050000000000
1439403458,269.020000000000,0.080000000000
1439403458,269.020000000000,0.080000000000
1439403494,268.730000000000,5.558000000000
1439403495,268.730000000000,0.030000000000
1439403721,268.730000000000,0.412000000000
1439403722,268.730000000000,0.010000000000
1439404567,268.870000000000,1.670000000000
1439404571,268.870000000000,0.220000000000
1439404571,268.870000000000,0.220000000000
1439404572,268.870000000000,0.030000000000
1439404572,268.870000000000,0.030000000000
1439404573,268.870000000000,0.010000000000
1439404573,268.870000000000,0.010000000000
1439404574,268.870000000000,0.010000000000
1439404574,268.870000000000,0.010000000000
1439404995,269.020000000000,9.630000000000
1439404997,269.020000000000,10.000000000000
1439404998,269.020000000000,10.000000000000
1439404999,269.020000000000,10.000000000000
1439405000,269.020000000000,0.370000000000
1439405110,269.120000000000,0.754200000000
1439405116,269.120000000000,5.000000000000
1439405117,269.120000000000,5.926000000000
1439405121,269.120000000000,5.000000000000
1439405126,269.120000000000,5.000000000000
1439405134,269.120000000000,5.000000000000
1439405140,269.120000000000,5.000000000000
1439405145,269.120000000000,5.000000000000
1439405149,269.120000000000,3.319800000000
1439405150,269.120000000000,0.060000000000
1439405150,268.800000000000,0.000200000000
1439405887,268.800000000000,0.020000000000
1439405887,268.800000000000,0.050000000000
1439405892,268.800000000000,0.040000000000
1439406847,268.520000000000,0.410000000000
1439406848,268.510000000000,5.549000000000
1439406849,268.500000000000,5.000000000000
1439407383,268.500000000000,0.041000000000
1439407383,268.500000000000,0.020000000000
1439407383,268.500000000000,0.260000000000
1439407384,268.800000000000,23.053100000000
1439407388,268.820000000000,5.000000000000
1439407423,268.970000000000,4.167000000000
1439407424,269.000000000000,2.779000000000
1439407424,269.010000000000,43.054000000000
1439409066,269.230000000000,1.000000000000
1439409866,269.390000000000,0.170000000000
1439409868,269.450000000000,2.000000000000
1439410180,269.720000000000,0.965100000000
1439410181,269.720000000000,0.320000000000
1439410183,270.000000000000,0.170000000000
1439410183,270.000000000000,2.000000000000
1439410656,269.990000000000,1.960000000000
1439410853,269.980000000000,0.010000000000
1439410854,269.970000000000,8.990000000000
1439411460,269.950000000000,0.130000000000
1439411461,269.940000000000,19.870000000000
1439411628,269.950000000000,1.960000000000
1439411888,269.980000000000,0.030000000000
1439412872,269.860000000000,1.960000000000
1439413173,269.990000000000,15.394500000000
1439413372,269.850000000000,5.490000000000
1439413372,269.850000000000,5.000000000000
1439413374,269.850000000000,0.060000000000
1439413374,269.840000000000,38.000000000000
1439413375,269.750000000000,49.144900000000
1439413375,269.800000000000,102.305100000000
1439413377,269.990000000000,2.000000000000
1439413401,269.990000000000,9.041000000000
1439413643,269.710000000000,0.120000000000
1439413643,269.650000000000,0.113700000000
1439413702,269.700000000000,0.233700000000
1439414753,269.780000000000,0.020000000000
1439414800,269.750000000000,2.500000000000
1439415280,269.710000000000,5.523000000000
1439415281,269.700000000000,0.175000000000
1439415881,269.780000000000,0.060000000000
1439415881,269.780000000000,0.010000000000
1439415951,269.980000000000,1.960000000000
1439418676,269.950000000000,0.256100000000
1439418802,269.990000000000,6.510000000000
1439418894,269.990000000000,8.524000000000
1439419886,269.980000000000,0.060000000000
1439419886,269.980000000000,0.040000000000
1439419964,269.980000000000,0.020000000000
1439419965,269.980000000000,1.940000000000
1439420231,269.750000000000,0.120000000000
1439420232,269.750000000000,5.467000000000
1439420598,269.710000000000,5.475000000000
1439420598,269.700000000000,2.325000000000
1439420965,269.660000000000,8.365000000000
1439420990,269.660000000000,0.827900000000
1439421612,269.440000000000,0.040000000000
1439421613,269.450000000000,7.822000000000
1439422334,269.300000000000,0.045800000000
1439422334,269.300000000000,0.010000000000
1439422531,269.240000000000,0.010000000000
1439422692,269.030000000000,0.040000000000
1439422698,268.980000000000,5.994000000000
1439422742,268.850000000000,0.062600000000
1439422820,268.850000000000,7.591000000000
1439422913,268.610000000000,1.330700000000
1439422914,268.610000000000,0.010000000000
1439423000,268.430000000000,0.090000000000
1439423005,268.400000000000,1.500000000000
1439423294,267.670000000000,0.010000000000
1439423294,267.670000000000,0.010000000000
1439423294,267.670000000000,0.010000000000
1439423295,267.460000000000,5.605000000000
1439423295,267.450000000000,1.521700000000
1439423404,267.370000000000,5.579000000000
1439423405,267.360000000000,79.281000000000
1439423405,267.370000000000,0.140000000000
1439423560,267.010000000000,0.298500000000
1439423570,267.010000000000,0.119100000000
1439423854,267.300000000000,0.040000000000
1439423854,267.300000000000,0.020000000000
1439423935,267.300000000000,0.074400000000
1439424321,267.300000000000,0.010000000000
1439424321,267.300000000000,39.865600000000
1439424322,267.000000000000,1.000000000000
1439424322,267.000000000000,5.000000000000
1439424817,266.950000000000,0.060000000000
1439424818,266.960000000000,6.807000000000
1439425019,267.080000000000,0.010000000000
1439425020,267.080000000000,0.010000000000
1439425020,267.080000000000,0.010000000000
1439426442,267.180000000000,0.010000000000
1439426764,266.860000000000,2.000000000000
1439426822,266.980000000000,0.050000000000
1439426823,266.990000000000,7.341000000000
1439426998,267.080000000000,5.550000000000
1439426999,267.090000000000,0.992000000000
1439427001,267.090000000000,1.008000000000
1439427762,267.210000000000,4.500000000000
1439427851,267.220000000000,2.000000000000
1439427852,267.210000000000,0.070000000000
1439428329,266.800000000000,0.010000000000
1439428483,266.790000000000,1.218000000000
1439428513,266.710000000000,0.458000000000
1439428513,266.770000000000,5.000000000000
1439428519,266.710000000000,6.862000000000
1439428608,266.630000000000,1.852100000000
1439428686,266.400000000000,0.030000000000
1439428697,266.310000000000,5.630000000000
1439428699,266.300000000000,3.000000000000
1439428981,266.250000000000,8.820000000000
1439429053,266.400000000000,1.960000000000
1439429076,266.480000000000,6.093000000000
1439429084,266.480000000000,0.020000000000
1439429350,266.660000000000,1.960000000000
1439429355,266.680000000000,0.040000000000
1439429648,266.780000000000,2.000000000000
1439429648,266.680000000000,0.010000000000
1439429650,267.060000000000,1.960000000000
1439429747,267.340000000000,0.060000000000
1439429802,267.520000000000,5.547000000000
1439429826,267.410000000000,5.538000000000
1439430171,267.140000000000,0.100000000000
1439430172,267.140000000000,1.900000000000
1439430341,266.950000000000,0.100000000000
1439430343,266.950000000000,0.060000000000
1439430404,266.940000000000,5.534000000000
1439430405,266.950000000000,25.146000000000
1439430405,266.940000000000,0.020000000000
1439431208,267.140000000000,5.532000000000
1439431209,267.130000000000,94.468000000000
1439431680,266.950000000000,0.010000000000
1439432542,267.030000000000,0.010000000000
1439432542,267.030000000000,0.020000000000
1439432703,266.910000000000,0.050000000000
1439433140,266.770000000000,0.020000000000
1439433305,266.970000000000,0.070000000000
1439433306,266.970000000000,0.020000000000
1439433338,266.960000000000,0.020000000000
1439433339,266.960000000000,0.020000000000
1439433339,266.970000000000,0.960000000000
1439433632,266.590000000000,7.623000000000
1439434426,266.460000000000,1.960000000000
1439434795,266.550000000000,1.960000000000
1439434795,266.500000000000,0.010000000000
1439435177,266.730000000000,4.140000000000
1439435177,266.790000000000,5.545000000000
1439435180,266.790000000000,3.480000000000
1439435323,266.800000000000,1.960000000000
1439435387,266.800000000000,2.300000000000
1439435635,266.790000000000,0.060000000000
1439435635,266.810000000000,0.940000000000
1439436443,266.590000000000,0.020000000000
1439436443,266.590000000000,0.040000000000
1439436838,266.480000000000,5.546000000000
1439436839,266.490000000000,4.454000000000
1439436858,266.350000000000,5.555000000000
1439436859,266.350000000000,0.060000000000
1439436860,266.360000000000,14.385000000000
1439436883,266.300000000000,40.000000000000
1439436896,266.460000000000,1.000000000000
1439436914,266.450000000000,1.000000000000
1439436926,266.270000000000,1.080000000000
1439436931,266.280000000000,0.510000000000
1439436932,266.270000000000,0.110000000000
1439436932,266.260000000000,3.980000000000
1439436934,266.450000000000,1.000000000000
1439436953,266.450000000000,0.050000000000
1439436953,266.450000000000,0.950000000000
1439436978,266.420000000000,1.000000000000
1439436979,266.420000000000,0.020000000000
1439436981,266.430000000000,0.520000000000
1439436985,266.440000000000,4.480000000000
1439437006,266.440000000000,1.000000000000
1439437010,266.450000000000,0.010000000000
1439437010,266.450000000000,0.010000000000
1439437017,266.600000000000,5.000000000000
1439437022,266.590000000000,5.000000000000
1439437028,266.590000000000,0.010000000000
1439437032,266.540000000000,0.010000000000
1439437036,266.530000000000,5.000000000000
1439437042,266.580000000000,5.000000000000
1439437047,266.590000000000,5.000000000000
1439437054,266.590000000000,5.000000000000
1439437059,266.580000000000,5.000000000000
1439437064,266.490000000000,5.000000000000
1439437066,266.800000000000,0.990000000000
1439437066,266.800000000000,0.110000000000
1439437069,266.480000000000,5.000000000000
1439437074,266.590000000000,0.150000000000
1439437132,266.800000000000,0.068200000000
1439437147,266.590000000000,5.000000000000
1439437151,266.590000000000,0.537000000000
1439437153,266.580000000000,4.323000000000
1439437153,266.590000000000,0.140000000000
1439438053,266.000000000000,0.074300000000
1439438053,266.010000000000,0.120000000000
1439438054,265.980000000000,1.765700000000
1439438059,265.980000000000,0.010000000000
1439438064,265.830000000000,1.960000000000
1439438065,265.800000000000,5.000000000000
1439438065,265.820000000000,4.000000000000
1439438065,265.710000000000,1.915900000000
1439438066,265.610000000000,0.030000000000
1439438066,265.690000000000,13.000000000000
1439438066,265.610000000000,2.417000000000
1439438067,265.640000000000,4.000000000000
1439438068,265.710000000000,1.920900000000
1439438086,265.520000000000,0.160000000000
1439438138,265.500000000000,0.199000000000
1439438138,265.510000000000,0.040000000000
1439438143,265.310000000000,0.641200000000
1439438144,265.220000000000,1.899300000000
1439438615,265.540000000000,5.607000000000
1439438617,265.610000000000,4.000000000000
1439438649,265.720000000000,0.020000000000
1439439118,265.770000000000,1.960000000000
1439439418,265.770000000000,0.020000000000
1439439419,265.770000000000,0.030000000000
1439439722,265.370000000000,0.050000000000
1439439722,265.280000000000,24.950000000000
1439440444,265.310000000000,0.030000000000
1439440444,265.310000000000,3.980000000000
1439440623,265.310000000000,0.010000000000
1439441454,264.920000000000,7.623000000000
1439442899,265.100000000000,0.100000000000
1439442900,265.010000000000,4.460000000000
1439442965,265.020000000000,0.110000000000
1439442966,265.000000000000,0.467600000000
1439442966,265.010000000000,0.422400000000
1439443314,265.050000000000,4.000000000000
1439443314,265.130000000000,0.050000000000
1439443315,265.040000000000,0.950000000000
1439443320,265.050000000000,4.000000000000
1439443321,265.010000000000,0.325400000000
1439443322,265.000000000000,0.674600000000
1439443327,265.080000000000,1.760000000000
1439443328,265.010000000000,0.271400000000
1439443329,265.000000000000,2.968600000000
1439443335,265.060000000000,5.000000000000
1439443346,265.060000000000,0.050000000000
1439443347,264.970000000000,3.297000000000
1439443347,264.980000000000,0.084800000000
1439443348,264.970000000000,1.568200000000
1439443353,264.960000000000,1.000000000000
1439443353,264.970000000000,0.090000000000
1439443354,264.960000000000,3.910000000000
1439443359,264.890000000000,0.046700000000
1439443360,264.890000000000,2.796000000000
1439443360,264.880000000000,2.157300000000
1439443368,264.890000000000,0.070400000000
1439443369,264.880000000000,4.899600000000
1439443369,264.890000000000,0.030000000000
1439443378,265.070000000000,5.000000000000
1439443383,264.970000000000,4.546000000000
1439443384,264.960000000000,0.454000000000
1439443390,264.950000000000,5.000000000000
1439443396,265.030000000000,5.000000000000
1439443405,264.940000000000,1.000000000000
1439443406,264.910000000000,4.000000000000
1439443412,265.040000000000,5.000000000000
1439443421,264.840000000000,0.020000000000
1439443421,265.040000000000,0.080000000000
1439443434,264.830000000000,4.000000000000
1439443434,264.910000000000,1.000000000000
1439443441,264.920000000000,0.023400000000
1439443441,264.910000000000,4.976600000000
1439444631,265.140000000000,0.000400000000
1439445251,265.180000000000,0.070000000000
1439445251,265.180000000000,0.010000000000
1439445913,265.000000000000,0.010000000000
1439445914,265.000000000000,0.010000000000
1439446120,264.940000000000,0.100000000000
1439446127,264.960000000000,0.015700000000
1439446146,264.920000000000,5.600000000000
1439446155,264.920000000000,4.940000000000
1439446156,264.910000000000,1.173000000000
1439446608,265.060000000000,0.010000000000
1439446608,265.060000000000,0.010000000000
1439446959,265.360000000000,0.010000000000
1439447289,265.460000000000,0.050000000000
1439447865,265.110000000000,0.020000000000
1439447866,265.110000000000,2.000000000000
1439448505,264.810000000000,0.100000000000
1439448505,264.810000000000,0.050000000000
1439448530,264.860000000000,0.350000000000
1439448748,264.670000000000,5.000000000000
1439448754,264.660000000000,4.550000000000
1439448755,264.560000000000,0.160000000000
1439448755,264.600000000000,0.290000000000
1439448761,264.570000000000,0.290000000000
1439448769,264.570000000000,2.640000000000
1439448775,264.580000000000,0.010000000000
1439448775,264.570000000000,0.017000000000
1439448776,264.550000000000,0.003000000000
1439448780,264.550000000000,0.630000000000
1439448786,264.550000000000,0.370000000000
1439448794,264.570000000000,0.200000000000
1439448795,264.570000000000,0.020000000000
1439448796,264.560000000000,0.680000000000
1439448801,264.560000000000,2.372000000000
1439448802,264.560000000000,0.008000000000
1439448810,264.560000000000,0.002000000000
1439448811,264.550000000000,4.948000000000
1439448817,264.560000000000,3.330000000000
1439448833,264.600000000000,0.720000000000
1439448840,264.600000000000,0.930000000000
1439448847,264.590000000000,0.470000000000
1439448853,264.590000000000,0.910000000000
1439448860,264.600000000000,5.000000000000
1439448869,264.600000000000,2.870000000000
1439448937,264.550000000000,0.030000000000
1439449014,264.510000000000,2.360000000000
1439449022,264.510000000000,0.100000000000
1439449029,264.500000000000,0.160000000000
1439449029,264.510000000000,0.010000000000
1439449030,264.500000000000,0.010000000000
1439449036,264.500000000000,0.640000000000
1439449040,264.500000000000,1.830000000000
1439449045,264.570000000000,1.370000000000
1439449046,264.570000000000,0.020000000000
1439449047,264.480000000000,4.330000000000
1439449054,264.480000000000,0.030000000000
1439449057,264.440000000000,0.030000000000
1439449061,264.440000000000,1.350000000000
1439449105,264.480000000000,0.190000000000
1439449109,264.480000000000,0.030000000000
1439449120,264.480000000000,0.010000000000
1439449120,264.460000000000,0.390000000000
1439449121,264.440000000000,0.400000000000
1439449129,264.440000000000,0.530000000000
1439449257,264.540000000000,1.390000000000
1439449264,264.540000000000,0.020000000000
1439449310,264.640000000000,0.010000000000
1439449311,264.640000000000,0.090000000000
1439449311,264.510000000000,0.640000000000
1439449312,264.500000000000,4.260000000000
1439449312,264.510000000000,0.010000000000
1439449317,264.510000000000,0.020000000000
1439449317,264.420000000000,2.666000000000
1439449318,264.410000000000,0.614000000000
1439449319,264.410000000000,3.300000000000
1439449325,264.630000000000,5.000000000000
1439449326,264.570000000000,5.000000000000
1439449332,264.360000000000,0.015800000000
1439449332,264.610000000000,5.000000000000
1439449333,264.300000000000,4.984200000000
1439449340,264.440000000000,5.000000000000
1439449343,264.610000000000,5.000000000000
1439449350,264.660000000000,5.000000000000
1439449460,264.530000000000,0.610000000000
1439449582,264.530000000000,1.390000000000
1439450470,264.370000000000,6.467000000000
1439451411,263.950000000000,2.000000000000
1439451452,263.760000000000,0.440000000000
1439451461,263.760000000000,0.050000000000
1439451462,263.750000000000,0.950000000000
1439451757,263.780000000000,1.960000000000
1439451766,263.760000000000,0.040000000000
1439452016,263.810000000000,0.010000000000
1439452017,263.810000000000,0.010000000000
1439452027,263.750000000000,5.600000000000
1439452046,263.750000000000,6.450000000000
1439452047,263.610000000000,3.247000000000
1439452111,263.550000000000,1.480000000000
1439452255,263.480000000000,0.020000000000
1439452256,263.480000000000,0.010000000000
1439452344,263.440000000000,1.480000000000
1439452701,263.300000000000,5.000000000000
1439452702,263.300000000000,5.000000000000
1439452702,263.300000000000,5.000000000000
1439452702,263.300000000000,5.000000000000
1439452702,263.300000000000,5.000000000000
1439453533,263.370000000000,0.020000000000
1439453552,263.390000000000,7.193000000000
1439454070,263.590000000000,7.186000000000
1439454493,263.930000000000,0.050000000000
1439454493,263.920000000000,0.120000000000
1439454897,263.630000000000,4.900000000000
1439454897,263.640000000000,0.100000000000
1439454903,263.500000000000,5.000000000000
1439454910,263.540000000000,4.000000000000
1439454911,263.530000000000,1.000000000000
1439454917,263.540000000000,4.000000000000
1439454918,263.530000000000,1.000000000000
1439454925,263.570000000000,4.000000000000
1439454926,263.410000000000,0.950000000000
1439454926,263.560000000000,0.050000000000
1439455013,263.460000000000,0.200000000000
1439455020,263.470000000000,0.030000000000
1439455031,263.490000000000,0.200000000000
1439455312,263.600000000000,1.970000000000
1439455313,263.410000000000,3.489000000000
1439455313,263.600000000000,0.010000000000
1439455314,263.400000000000,0.157300000000
1439455884,263.610000000000,0.020000000000
1439455885,263.600000000000,4.000000000000
1439455928,263.450000000000,0.530000000000
1439455928,263.590000000000,0.010000000000
1439455929,263.440000000000,4.460000000000
1439455936,263.450000000000,0.290000000000
1439455942,263.450000000000,5.000000000000
1439455964,263.630000000000,6.506000000000
1439455965,263.650000000000,5.023000000000
1439456012,263.590000000000,0.300000000000
1439456019,263.490000000000,5.000000000000
1439456025,263.600000000000,2.860000000000
1439456031,263.630000000000,0.200000000000
1439456039,263.630000000000,5.000000000000
1439456045,263.590000000000,1.000000000000
1439456046,263.560000000000,0.390000000000
1439456052,263.560000000000,0.230000000000
1439456060,263.560000000000,0.200000000000
1439456068,263.560000000000,0.200000000000
1439456074,263.560000000000,0.200000000000
1439456081,263.560000000000,0.200000000000
1439456090,263.560000000000,0.010000000000
1439456091,263.550000000000,0.190000000000
1439456097,263.520000000000,0.200000000000
1439456104,263.550000000000,0.200000000000
1439456108,263.520000000000,0.200000000000
1439456118,263.550000000000,1.000000000000
1439456119,263.520000000000,0.060000000000
1439456165,263.520000000000,0.200000000000
1439456168,263.520000000000,1.490000000000
1439456171,263.520000000000,0.010000000000
1439456171,263.500000000000,0.250000000000
1439456177,263.500000000000,0.300000000000
1439456186,263.500000000000,0.200000000000
1439456192,263.500000000000,0.200000000000
1439456200,263.500000000000,0.200000000000
1439456211,263.500000000000,0.200000000000
1439456218,263.500000000000,0.200000000000
1439456224,263.500000000000,2.530000000000
1439456231,263.500000000000,0.010000000000
1439456232,263.420000000000,0.290000000000
1439456248,263.420000000000,0.210000000000
1439456255,263.420000000000,5.000000000000
1439456262,263.580000000000,1.380000000000
1439456279,263.540000000000,0.730000000000
1439456286,263.540000000000,0.060000000000
1439456292,263.540000000000,0.230000000000
1439456307,263.540000000000,0.010000000000
1439456316,263.540000000000,0.200000000000
1439456324,263.540000000000,0.200000000000
1439456343,263.540000000000,0.210000000000
1439456351,263.540000000000,0.200000000000
1439456361,263.540000000000,0.200000000000
1439456372,263.540000000000,0.280000000000
1439456379,263.580000000000,0.240000000000
1439456386,263.580000000000,0.200000000000
1439456393,263.580000000000,0.200000000000
1439456408,263.580000000000,0.010000000000
1439456420,263.580000000000,0.200000000000
1439456428,263.580000000000,0.200000000000
1439456434,263.580000000000,0.010000000000
1439456443,263.580000000000,5.000000000000
1439456450,263.580000000000,0.010000000000
1439456457,263.540000000000,4.620000000000
1439456463,263.540000000000,1.400000000000
1439456470,263.510000000000,5.000000000000
1439456477,263.610000000000,5.000000000000
1439456477,263.660000000000,0.020000000000
1439456477,263.660000000000,0.010000000000
1439456477,263.660000000000,0.010000000000
1439456484,263.660000000000,5.000000000000
1439456490,263.560000000000,5.000000000000
1439456496,263.610000000000,5.000000000000
1439456502,263.700000000000,5.000000000000
1439456520,263.510000000000,0.200000000000
1439456527,263.510000000000,0.010000000000
1439456534,263.510000000000,4.640000000000
1439456540,263.510000000000,0.040000000000
1439456541,263.510000000000,0.640000000000
1439456551,263.550000000000,1.000000000000
1439456552,263.510000000000,3.610000000000
1439456560,263.650000000000,0.200000000000
1439456570,263.650000000000,0.010000000000
1439456576,263.650000000000,1.800000000000
1439456582,263.650000000000,0.010000000000
1439456591,263.450000000000,0.010000000000
1439456606,263.480000000000,0.010000000000
1439456614,263.450000000000,0.130000000000
1439456622,263.480000000000,1.000000000000
1439456622,263.450000000000,4.000000000000
1439456629,263.590000000000,0.280000000000
1439456636,263.590000000000,0.220000000000
1439456642,263.590000000000,0.130000000000
1439456649,263.590000000000,0.200000000000
1439456656,263.590000000000,0.210000000000
1439456666,263.590000000000,0.200000000000
1439456673,263.590000000000,0.200000000000
1439456683,263.650000000000,0.080000000000
1439456683,263.590000000000,0.880000000000
1439456683,263.650000000000,1.970000000000
1439456689,263.590000000000,0.210000000000
1439456696,263.590000000000,2.990000000000
1439456702,263.590000000000,0.020000000000
1439456703,263.590000000000,4.980000000000
1439456709,263.640000000000,1.910000000000
1439456719,263.500000000000,0.200000000000
1439456727,263.510000000000,0.210000000000
1439456733,263.500000000000,0.160000000000
1439456741,263.510000000000,0.200000000000
1439456749,263.520000000000,0.010000000000
1439456758,263.530000000000,0.010000000000
1439456765,263.540000000000,0.200000000000
1439456772,263.540000000000,0.010000000000
1439456773,263.500000000000,0.200000000000
1439456780,263.560000000000,0.200000000000
1439456786,263.580000000000,0.010000000000
1439456792,263.580000000000,0.240000000000
1439456801,263.590000000000,0.200000000000
1439456809,263.600000000000,0.200000000000
1439456816,263.600000000000,0.200000000000
1439456824,263.500000000000,0.200000000000
1439456831,263.600000000000,0.060000000000
1439456832,263.500000000000,0.150000000000
1439456838,263.600000000000,0.210000000000
1439456889,263.510000000000,0.010000000000
1439456982,263.510000000000,0.070000000000
1439456982,263.500000000000,0.210000000000
1439456989,263.500000000000,0.200000000000
1439456996,263.500000000000,0.200000000000
1439457064,263.500000000000,0.200000000000
1439458456,263.510000000000,4.074000000000
1439458457,263.510000000000,0.096000000000
1439458556,263.430000000000,0.196000000000
1439458556,263.510000000000,0.004000000000
1439458790,263.440000000000,0.030000000000
1439458790,263.430000000000,0.170000000000
1439458795,263.430000000000,0.100000000000
1439458802,263.470000000000,0.200000000000
1439458809,263.470000000000,0.200000000000
1439458818,263.470000000000,0.270000000000
1439458825,263.470000000000,0.200000000000
1439458832,263.470000000000,0.200000000000
1439458839,263.470000000000,0.200000000000
1439458846,263.470000000000,0.200000000000
1439458856,263.450000000000,0.130000000000
1439458856,263.470000000000,0.080000000000
1439458871,263.450000000000,0.200000000000
1439458877,263.450000000000,0.010000000000
1439458883,263.450000000000,0.200000000000
1439458892,263.450000000000,0.080000000000
1439458900,263.450000000000,0.220000000000
1439458913,263.450000000000,0.200000000000
1439458922,263.450000000000,0.010000000000
1439458930,263.450000000000,0.210000000000
1439458938,263.450000000000,0.010000000000
1439458944,263.450000000000,0.200000000000
1439458958,263.220000000000,3.330000000000
1439458966,263.370000000000,0.200000000000
1439458971,263.370000000000,0.200000000000
1439458990,263.370000000000,0.200000000000
1439458998,263.370000000000,0.210000000000
1439459009,263.370000000000,0.200000000000
1439459016,263.370000000000,0.200000000000
1439459026,263.370000000000,0.200000000000
1439459034,263.370000000000,0.200000000000
1439459042,263.510000000000,5.000000000000
1439459048,263.510000000000,0.110000000000
1439459055,263.330000000000,0.200000000000
1439459074,263.330000000000,0.010000000000
1439459123,263.330000000000,0.190000000000
1439459285,263.330000000000,0.200000000000
1439459731,263.330000000000,0.080000000000
1439459732,263.330000000000,0.060000000000
1439460361,263.210000000000,0.100000000000
1439460362,263.210000000000,0.020000000000
1439460362,263.210000000000,0.070000000000
1439460363,263.210000000000,0.010000000000
1439460373,263.210000000000,0.010000000000
1439460373,263.210000000000,0.010000000000
1439460374,263.150000000000,0.140000000000
1439460670,263.150000000000,0.200000000000
1439460678,263.150000000000,0.200000000000
1439460686,263.150000000000,0.200000000000
1439460697,263.150000000000,0.200000000000
1439460704,263.150000000000,0.200000000000
1439460712,263.150000000000,0.200000000000
1439460718,263.150000000000,0.200000000000
1439460725,263.150000000000,3.370000000000
1439460734,263.050000000000,0.200000000000
1439460747,263.050000000000,0.200000000000
1439460754,263.120000000000,0.020000000000
1439460760,263.120000000000,2.910000000000
1439460809,263.160000000000,1.760000000000
1439460966,263.190000000000,7.625000000000
1439461039,263.150000000000,0.200000000000
1439461075,263.450000000000,2.736000000000
1439461075,263.200000000000,0.010000000000
1439461075,263.200000000000,0.040000000000
1439461076,263.460000000000,1.214000000000
1439461116,263.150000000000,0.740000000000
1439461123,263.150000000000,5.000000000000
1439461130,263.190000000000,5.000000000000
1439461136,263.140000000000,0.410000000000
1439461143,263.140000000000,5.000000000000
1439461150,263.160000000000,4.160000000000
1439461156,263.080000000000,0.130000000000
1439461162,263.080000000000,5.000000000000
1439461169,263.180000000000,2.920000000000
1439461175,263.260000000000,0.400000000000
1439461183,263.260000000000,5.000000000000
1439461189,263.240000000000,5.000000000000
1439461196,263.030000000000,3.330000000000
1439461203,263.150000000000,0.050000000000
1439461210,263.150000000000,0.200000000000
1439461217,263.150000000000,0.200000000000
1439461223,263.150000000000,0.200000000000
1439461239,263.150000000000,0.200000000000
1439461255,263.150000000000,0.200000000000
1439461787,263.200000000000,3.390000000000
1439461795,263.200000000000,0.400000000000
1439461801,263.200000000000,1.210000000000
1439461801,263.150000000000,0.430000000000
1439461885,263.200000000000,0.200000000000
1439461891,263.200000000000,0.200000000000
1439461899,263.210000000000,0.200000000000
1439461907,263.290000000000,0.010000000000
1439461909,263.290000000000,0.090000000000
1439461910,263.210000000000,0.060000000000
1439461915,263.210000000000,0.050000000000
1439461924,263.210000000000,0.200000000000
1439461933,263.210000000000,0.130000000000
1439461942,263.200000000000,0.200000000000
1439461951,263.200000000000,0.200000000000
1439461958,263.200000000000,0.200000000000
1439461966,263.210000000000,0.200000000000
1439461985,263.210000000000,0.200000000000
1439461997,263.210000000000,0.200000000000
1439462066,263.210000000000,0.200000000000
1439462074,263.210000000000,0.200000000000
1439462082,263.210000000000,0.200000000000
1439462091,263.210000000000,0.200000000000
1439462098,263.210000000000,0.200000000000
1439462108,263.210000000000,0.200000000000
1439462115,263.210000000000,0.200000000000
1439462122,263.210000000000,0.200000000000
1439462129,263.210000000000,0.200000000000
1439462136,263.210000000000,0.200000000000
1439462147,263.210000000000,0.200000000000
1439462156,263.210000000000,0.112000000000
1439462157,263.210000000000,0.088000000000
1439462163,263.200000000000,0.158000000000
1439462163,263.210000000000,0.042000000000
1439462174,263.200000000000,0.200000000000
1439462180,263.200000000000,0.200000000000
1439462188,263.210000000000,0.200000000000
1439462194,263.350000000000,4.240000000000
1439462200,263.350000000000,0.003000000000
1439462201,263.200000000000,1.659000000000
1439462201,263.210000000000,3.338000000000
1439462208,263.150000000000,5.000000000000
1439462220,263.230000000000,3.170000000000
1439462361,263.420000000000,0.890000000000
1439462361,263.420000000000,0.110000000000
1439462379,263.420000000000,1.000000000000
1439462398,263.420000000000,1.000000000000
1439462787,263.400000000000,0.050000000000
1439462788,263.400000000000,0.240000000000
1439463955,263.430000000000,5.602000000000
1439463956,263.450000000000,191.714000000000
1439463956,263.440000000000,2.684000000000
1439463974,263.420000000000,1.970000000000
1439463975,263.440000000000,5.666000000000
1439463976,263.450000000000,8.286000000000
1439463977,263.450000000000,184.078000000000
1439464025,263.400000000000,3.182000000000
1439464026,263.400000000000,5.690000000000
1439464027,263.410000000000,191.128000000000
1439464044,263.410000000000,191.128000000000
1439464044,263.410000000000,8.872000000000
1439464062,263.410000000000,191.128000000000
1439464062,263.410000000000,8.872000000000
1439464133,263.450000000000,200.000000000000
1439464329,263.290000000000,2.600000000000
1439464436,263.260000000000,1.970000000000
1439466101,263.290000000000,0.450000000000
1439466457,263.100000000000,0.020000000000
1439467177,263.150000000000,0.010000000000
1439467178,263.200000000000,0.990000000000
1439467199,263.200000000000,1.000000000000
1439467219,263.320000000000,1.000000000000
1439467237,263.320000000000,1.000000000000
1439467256,263.300000000000,1.000000000000
1439467275,263.330000000000,1.000000000000
1439467294,263.320000000000,0.090000000000
1439467295,263.340000000000,0.910000000000
1439467313,263.350000000000,1.000000000000
1439467332,263.310000000000,1.000000000000
1439467352,263.340000000000,1.000000000000
1439467377,263.300000000000,5.626000000000
1439467378,263.310000000000,3.522000000000
1439467379,263.350000000000,3.215000000000
1439467380,263.410000000000,7.637000000000
1439467391,263.480000000000,3.437000000000
1439467392,263.480000000000,0.090000000000
1439467393,263.490000000000,5.655000000000
1439467394,263.500000000000,3.491000000000
1439467395,263.530000000000,1.970000000000
1439467396,263.580000000000,5.357000000000
1439467423,263.260000000000,5.000000000000
1439467431,263.270000000000,0.050000000000
1439467431,263.270000000000,1.970000000000
1439467432,263.220000000000,2.980000000000
1439467437,263.220000000000,2.632000000000
1439467438,263.050000000000,2.368000000000
1439467937,263.430000000000,0.110000000000
1439467977,263.560000000000,1.960000000000
1439468120,263.570000000000,0.020000000000
1439468120,263.570000000000,4.000000000000
1439468208,263.520000000000,4.000000000000
1439468221,263.530000000000,4.000000000000
1439468222,263.530000000000,0.150000000000
1439468252,263.520000000000,0.010000000000
1439468252,263.570000000000,4.000000000000
1439468262,263.580000000000,95.211100000000
1439468262,263.580000000000,4.000000000000
1439468263,263.580000000000,0.010000000000
1439468264,263.580000000000,0.778900000000
1439468297,263.510000000000,4.000000000000
1439468298,263.520000000000,88.923600000000
1439468300,263.520000000000,4.000000000000
1439468437,263.630000000000,1.960000000000
1439468453,263.770000000000,8.298000000000
1439468454,263.690000000000,20.000000000000
1439468454,263.650000000000,5.618000000000
1439468455,263.640000000000,4.259000000000
1439468465,263.640000000000,7.104000000000
1439468645,263.640000000000,0.170000000000
1439468646,263.790000000000,1.960000000000
1439468806,263.820000000000,0.030000000000
1439468807,263.990000000000,0.470000000000
1439468851,263.790000000000,7.492000000000
1439468932,263.800000000000,0.030000000000
1439468933,263.810000000000,1.970000000000
1439469221,263.850000000000,0.030000000000
1439469222,263.990000000000,0.570000000000
1439469222,263.980000000000,0.120000000000
1439469223,263.660000000000,0.020000000000
1439469223,263.660000000000,0.010000000000
1439469224,263.660000000000,1.970000000000
1439469224,263.640000000000,4.140000000000
1439469225,263.590000000000,1.960000000000
1439469226,263.590000000000,1.900000000000
1439470077,263.750000000000,0.260000000000
1439470077,263.750000000000,3.621800000000
1439470548,263.740000000000,5.000000000000
1439470858,263.750000000000,0.050000000000
1439470858,263.750000000000,0.060000000000
1439470892,263.840000000000,10.000000000000
1439470907,263.890000000000,50.000000000000
1439470908,263.950000000000,0.060000000000
1439470949,263.990000000000,27.940000000000
1439470950,264.010000000000,0.010000000000
1439470950,263.950000000000,22.060000000000
1439470994,264.130000000000,0.010000000000
1439470994,264.110000000000,49.990000000000
1439471072,264.230000000000,3.228000000000
1439471072,264.180000000000,0.020000000000
1439471073,264.250000000000,99.913300000000
1439471073,264.240000000000,4.000000000000
1439471074,264.250000000000,2.838700000000
1439472020,264.330000000000,0.020000000000
1439472071,264.340000000000,1.960000000000
1439472167,264.370000000000,9.019000000000
1439472167,264.350000000000,25.000000000000
1439472231,264.370000000000,0.173800000000
1439472408,264.340000000000,0.050000000000
1439472556,264.210000000000,0.020000000000
1439472557,264.210000000000,0.110000000000
1439472557,264.210000000000,0.010000000000
1439472693,264.310000000000,2.891000000000
1439472693,264.100000000000,0.020000000000
1439472694,264.340000000000,4.000000000000
1439472694,264.350000000000,0.160000000000
1439472695,264.380000000000,48.929000000000
1439472790,264.400000000000,0.690000000000
1439473035,264.250000000000,0.020000000000
1439473310,264.540000000000,25.000000000000
1439473493,264.740000000000,1.970000000000
1439473494,264.800000000000,4.000000000000
1439473497,264.800000000000,4.030000000000
1439473498,264.800000000000,0.040000000000
1439473612,264.580000000000,5.583000000000
1439473613,264.580000000000,2.000000000000
1439473614,264.520000000000,17.417000000000
1439473789,264.480000000000,5.000000000000
1439473795,264.380000000000,0.040000000000
1439473808,264.370000000000,2.130000000000
1439473830,264.480000000000,3.320000000000
1439473835,264.490000000000,3.320000000000
1439473978,264.640000000000,10.000000000000
1439473979,264.710000000000,2.000000000000
1439473979,264.640000000000,0.010000000000
1439473979,264.640000000000,0.130000000000
1439473980,264.850000000000,0.090000000000
1439474012,264.860000000000,0.070000000000
1439474013,264.810000000000,4.550000000000
1439474013,264.860000000000,0.380000000000
1439474018,264.810000000000,0.030000000000
1439474019,264.800000000000,4.970000000000
1439474024,264.820000000000,5.000000000000
1439474029,264.820000000000,0.330000000000
1439474029,264.810000000000,4.670000000000
1439474037,264.700000000000,5.000000000000
1439474042,264.690000000000,1.330000000000
1439474048,264.690000000000,0.670000000000
1439474053,264.750000000000,5.000000000000
1439474060,264.760000000000,0.670000000000
1439474061,264.740000000000,4.330000000000
1439474115,265.000000000000,5.000000000000
1439474119,265.000000000000,5.000000000000
1439474124,265.000000000000,5.000000000000
1439474128,265.000000000000,5.000000000000
1439474133,265.000000000000,0.450000000000
1439474168,264.860000000000,0.030000000000
1439474228,264.820000000000,3.730000000000
1439474269,264.820000000000,4.690000000000
1439474274,264.810000000000,4.940000000000
1439474274,264.820000000000,0.060000000000
1439474279,264.860000000000,0.750000000000
1439474281,264.850000000000,4.250000000000
1439474284,264.890000000000,5.000000000000
1439474289,264.910000000000,5.000000000000
1439474293,264.880000000000,5.000000000000
1439474301,264.890000000000,5.000000000000
1439474306,264.900000000000,5.000000000000
1439474311,264.930000000000,5.000000000000
1439474354,264.880000000000,1.710000000000
1439474396,264.880000000000,0.150000000000
1439474419,264.750000000000,1.630000000000
1439474553,264.840000000000,1.630000000000
1439474628,264.730000000000,0.020000000000
1439474776,265.020000000000,0.010000000000
1439474776,265.020000000000,1.000000000000
1439474806,265.080000000000,50.000000000000
1439474868,265.080000000000,0.130000000000
1439474873,264.950000000000,5.000000000000
1439474878,264.950000000000,0.060000000000
1439474879,264.910000000000,2.000000000000
1439475270,264.940000000000,5.000000000000
1439475276,265.040000000000,5.000000000000
1439475277,265.090000000000,2.000000000000
1439475277,265.100000000000,5.000000000000
1439475282,265.200000000000,5.000000000000
1439475287,265.110000000000,5.000000000000
1439475458,265.120000000000,15.171800000000
1439475521,265.170000000000,2.676000000000
1439475521,265.180000000000,4.000000000000
1439475522,265.190000000000,3.759000000000
1439475524,265.190000000000,4.000000000000
1439475525,265.190000000000,6.878000000000
1439475588,265.190000000000,8.000000000000
1439475658,265.190000000000,0.687000000000
1439475659,265.190000000000,0.120000000000
1439475694,265.190000000000,100.000000000000
1439475933,265.010000000000,0.010000000000
1439475933,265.010000000000,0.040000000000
1439477347,264.880000000000,0.010000000000
1439477516,265.010000000000,0.010000000000
1439478170,265.040000000000,5.548000000000
1439479288,265.190000000000,0.930000000000
1439479289,265.200000000000,0.942000000000
1439481198,265.050000000000,8.327000000000
1439481208,265.050000000000,1.673000000000
1439481919,265.140000000000,3.092000000000
1439481920,265.140000000000,1.908000000000
1439482065,265.010000000000,0.010000000000
1439482254,265.150000000000,0.040000000000
1439482254,265.180000000000,0.960000000000
1439482278,265.010000000000,4.990000000000
1439482278,265.010000000000,0.010000000000
1439482279,265.010000000000,0.010000000000
1439482369,265.230000000000,27.000000000000
1439482369,265.190000000000,10.000000000000
1439482571,264.930000000000,2.000000000000
1439482572,264.900000000000,3.000000000000
1439482577,264.930000000000,0.050000000000
1439482578,264.900000000000,4.950000000000
1439482582,264.900000000000,2.050000000000
1439482583,264.900000000000,0.010000000000
1439482623,264.810000000000,2.340000000000
1439482624,264.800000000000,2.660000000000
1439482670,264.840000000000,3.455000000000
1439482670,264.800000000000,0.005000000000
1439482761,264.920000000000,0.060000000000
1439482774,264.840000000000,3.956000000000
1439482775,264.790000000000,0.044000000000
1439482781,264.860000000000,0.010000000000
1439482828,264.850000000000,0.200000000000
1439482869,264.890000000000,4.000000000000
1439482874,264.890000000000,4.000000000000
1439482884,264.840000000000,0.300000000000
1439482891,264.870000000000,0.300000000000
1439482891,264.840000000000,0.700000000000
1439482965,264.840000000000,0.060000000000
1439482966,264.840000000000,0.010000000000
1439482966,264.840000000000,0.050000000000
1439483079,264.790000000000,5.000000000000
1439483083,264.790000000000,0.010000000000
1439483083,264.790000000000,0.060000000000
1439483084,264.790000000000,0.060000000000
1439483085,264.770000000000,4.870000000000
1439483090,264.770000000000,0.130000000000
1439483090,264.770000000000,0.010000000000
1439483091,264.720000000000,4.860000000000
1439483096,264.790000000000,5.000000000000
1439483105,264.790000000000,0.010000000000
1439483106,264.730000000000,3.148000000000
1439483107,264.720000000000,1.842000000000
1439483110,264.720000000000,5.000000000000
1439483115,264.810000000000,5.000000000000
1439483119,264.780000000000,4.380000000000
1439483120,264.890000000000,2.000000000000
1439483125,264.880000000000,5.000000000000
1439483132,264.880000000000,0.010000000000
1439483132,264.830000000000,4.990000000000
1439483138,264.810000000000,5.000000000000
1439483144,264.820000000000,5.000000000000
1439483150,264.690000000000,4.381000000000
1439483151,264.650000000000,0.619000000000
1439483155,264.660000000000,3.154000000000
1439483156,264.650000000000,1.826000000000
1439483156,264.660000000000,0.020000000000
1439483161,264.890000000000,5.000000000000
1439483166,264.660000000000,5.000000000000
1439483172,264.760000000000,5.000000000000
1439483177,264.880000000000,5.000000000000
1439483182,264.880000000000,0.070000000000
1439483185,264.700000000000,5.000000000000
1439483190,264.700000000000,0.120000000000
1439483191,264.690000000000,4.880000000000
1439483196,264.850000000000,5.000000000000
1439483202,264.800000000000,5.000000000000
1439483216,264.730000000000,5.000000000000
1439483222,264.800000000000,5.000000000000
1439483228,264.860000000000,5.000000000000
1439483234,264.650000000000,3.700000000000
1439483240,264.850000000000,5.000000000000
1439483244,264.710000000000,5.000000000000
1439483250,264.710000000000,5.000000000000
1439483295,264.950000000000,0.350000000000
1439483300,264.950000000000,0.930000000000
1439483304,264.950000000000,0.060000000000
1439483305,265.040000000000,0.100000000000
1439483305,265.040000000000,0.010000000000
1439483305,265.040000000000,0.030000000000
1439483324,265.130000000000,0.180000000000
1439483393,265.070000000000,4.000000000000
1439483397,264.960000000000,4.060000000000
1439483405,265.190000000000,2.080000000000
1439483413,265.190000000000,0.100000000000
1439483413,264.910000000000,0.680000000000
1439483418,264.910000000000,5.000000000000
1439483421,264.910000000000,0.110000000000
1439483703,264.760000000000,0.030000000000
1439483706,264.760000000000,4.000000000000
1439483712,264.760000000000,0.070000000000
1439483712,264.760000000000,0.020000000000
1439483814,265.050000000000,0.200000000000
1439483815,265.090000000000,0.040000000000
1439483817,265.250000000000,1.000000000000
1439483820,265.170000000000,0.010000000000
1439483822,265.340000000000,0.018300000000
1439483822,265.250000000000,24.000000000000
1439483823,265.350000000000,10.000000000000
1439483823,265.440000000000,10.000000000000
1439483823,265.440000000000,10.000000000000
1439483823,265.440000000000,10.000000000000
1439483824,265.440000000000,3.007200000000
1439483824,265.440000000000,10.000000000000
1439483825,265.500000000000,4.396000000000
1439483825,265.440000000000,6.992800000000
1439483826,265.650000000000,4.438000000000
1439483826,265.570000000000,2.000000000000
1439483830,265.170000000000,0.230000000000
1439483836,265.170000000000,0.070000000000
1439483841,265.170000000000,0.070000000000
1439483846,265.140000000000,3.330000000000
1439483852,265.150000000000,0.020000000000
1439483857,265.150000000000,0.710000000000
1439483862,265.160000000000,0.050000000000
1439483868,265.160000000000,0.680000000000
1439483873,265.160000000000,0.060000000000
1439483874,265.140000000000,4.940000000000
1439483883,265.150000000000,0.017000000000
1439483883,265.180000000000,0.540000000000
1439483884,265.080000000000,2.660000000000
1439483885,265.040000000000,1.783000000000
1439483890,265.370000000000,1.960000000000
1439483891,265.390000000000,0.010000000000
1439483892,265.410000000000,0.990000000000
1439483893,265.650000000000,4.000000000000
1439483893,265.660000000000,4.437000000000
1439483894,265.810000000000,4.798000000000
1439483894,265.800000000000,0.017700000000
1439483894,265.680000000000,20.000000000000
1439483903,265.390000000000,5.589000000000
1439483910,265.600000000000,5.606000000000
1439483910,265.730000000000,0.100000000000
1439483911,265.440000000000,4.879000000000
1439483917,265.270000000000,1.870000000000
1439483917,265.370000000000,0.090000000000
1439483921,265.380000000000,5.000000000000
1439483924,265.470000000000,0.100000000000
1439483929,265.500000000000,0.100000000000
