1495208642,1945.610000000000,0.135000000000
1495208642,1945.610000000000,0.189000000000
1495208706,1945.400000000000,0.134000000000
1495208706,1945.060000000000,0.250000000000
1495208706,1945.400000000000,0.189000000000
1495208706,1945.400000000000,0.127000000000
1495208706,1944.880000000000,0.100000000000
1495208710,1944.820000000000,0.100000000000
1495208749,1945.090000000000,2.939100000000
1495208749,1945.100000000000,0.100000000000
1495208777,1946.780000000000,0.001100000000
1495208936,1946.900000000000,2.248200000000
1495208937,1946.900000000000,1.566600000000
1495208942,1946.900000000000,1.314200000000
1495208956,1946.900000000000,1.581100000000
1495208956,1946.900000000000,0.936500000000
1495208957,1946.900000000000,0.835500000000
1495209286,1947.320000000000,0.100000000000
1495209286,1947.680000000000,1.862100000000
1495209287,1947.880000000000,0.037900000000
1495209309,1946.670000000000,0.189000000000
1495209309,1946.670000000000,0.134000000000
1495209310,1946.620000000000,0.037900000000
1495209310,1946.620000000000,0.100000000000
1495209312,1946.620000000000,0.100000000000
1495209341,1946.130000000000,2.256400000000
1495209341,1946.130000000000,0.127000000000
1495209343,1945.570000000000,1.000000000000
1495209376,1946.110000000000,0.002700000000
1495209380,1946.110000000000,2.410400000000
1495209481,1946.400000000000,0.189000000000
1495209481,1946.400000000000,0.127000000000
1495209482,1946.400000000000,0.134000000000
1495209482,1945.830000000000,3.076000000000
1495209482,1945.820000000000,2.015700000000
1495209482,1944.000000000000,7.000000000000
1495209483,1942.910000000000,11.666500000000
1495209483,1942.000000000000,1.000000000000
1495209483,1940.000000000000,1.000000000000
1495209484,1940.000000000000,1.270100000000
1495209484,1940.000000000000,1.135600000000
1495209484,1940.000000000000,1.749700000000
1495209484,1940.000000000000,10.791500000000
1495209485,1940.000000000000,0.977300000000
1495209485,1940.000000000000,1.023600000000
1495209485,1940.000000000000,10.936600000000
1495209485,1940.000000000000,0.818300000000
1495209485,1940.000000000000,9.982700000000
1495209485,1940.000000000000,10.337300000000
1495209485,1940.000000000000,1.167000000000
1495209486,1940.000000000000,0.621900000000
1495209487,1940.000000000000,1.289600000000
1495209487,1940.000000000000,1.055200000000
1495209487,1940.000000000000,0.735400000000
1495209487,1940.000000000000,0.546700000000
1495209488,1940.000000000000,8.529600000000
1495209488,1940.000000000000,0.877100000000
1495209488,1940.000000000000,8.627200000000
1495209488,1940.000000000000,0.947000000000
1495209488,1940.000000000000,9.697900000000
1495209488,1940.000000000000,0.444600000000
1495209489,1940.000000000000,0.508100000000
1495209489,1940.000000000000,1.131400000000
1495209489,1940.000000000000,1.433100000000
1495209490,1940.000000000000,1.561400000000
1495209490,1940.000000000000,0.473200000000
1495209490,1940.000000000000,1.772500000000
1495209491,1940.000000000000,1.310700000000
1495209491,1940.000000000000,0.670000000000
1495209491,1940.000000000000,1.337300000000
1495209491,1940.000000000000,0.783000000000
1495209492,1940.000000000000,0.390900000000
1495209492,1940.000000000000,1.309100000000
1495209492,1940.000000000000,0.556000000000
1495209492,1940.000000000000,0.441600000000
1495209493,1940.000000000000,0.627700000000
1495209493,1940.000000000000,0.387500000000
1495209494,1940.000000000000,1.312900000000
1495209494,1940.000000000000,1.601700000000
1495209495,1939.990000000000,0.100000000000
1495209619,1940.020000000000,0.100000000000
1495209620,1940.020000000000,3.539000000000
1495209620,1940.010000000000,0.256000000000
1495209620,1940.010000000000,0.257000000000
1495209621,1940.010000000000,0.254000000000
1495209621,1940.010000000000,0.257000000000
1495209621,1940.010000000000,0.253000000000
1495209621,1940.010000000000,0.254000000000
1495209622,1940.010000000000,0.256000000000
1495209622,1940.010000000000,0.254000000000
1495209622,1940.010000000000,0.254000000000
1495209623,1940.010000000000,0.256000000000
1495209623,1940.010000000000,0.254000000000
1495209623,1940.010000000000,0.256000000000
1495209624,1940.010000000000,0.254000000000
1495209624,1940.010000000000,0.256000000000
1495209624,1940.010000000000,0.254000000000
1495209624,1940.010000000000,0.254000000000
1495209625,1940.000000000000,0.256000000000
1495209625,1938.000000000000,1.000000000000
1495209625,1930.060000000000,0.050000000000
1495209626,1930.000000000000,10.743700000000
1495209626,1925.000000000000,3.608800000000
1495209628,1920.000000000000,0.256000000000
1495209628,1920.000000000000,0.207000000000
1495209629,1920.000000000000,0.254000000000
1495209632,1919.990000000000,0.062100000000
1495209633,1919.990000000000,0.100000000000
1495209633,1920.000000000000,2.096200000000
1495209636,1919.990000000000,0.100000000000
1495209637,1920.000000000000,0.106000000000
1495209641,1919.990000000000,0.037900000000
1495209641,1920.000000000000,0.998100000000
1495209642,1919.990000000000,0.100000000000
1495209643,1920.000000000000,0.102000000000
1495209645,1874.630000000000,0.000100000000
1495209647,1920.000000000000,13.716600000000
1495209651,1920.000000000000,0.206000000000
1495209652,1920.000000000000,0.100000000000
1495209654,1920.000000000000,33.000000000000
1495209655,1920.000000000000,25.581600000000
1495209677,1920.040000000000,2.670000000000
1495209677,1920.020000000000,0.100000000000
1495209677,1920.020000000000,0.100000000000
1495209678,1920.020000000000,0.101000000000
1495209678,1920.020000000000,11.000000000000
1495209678,1920.020000000000,0.250000000000
1495209679,1920.020000000000,0.060000000000
1495209679,1920.020000000000,0.251000000000
1495209679,1920.020000000000,0.101000000000
1495209679,1920.020000000000,0.101000000000
1495209680,1920.020000000000,0.254000000000
1495209680,1920.020000000000,0.255000000000
1495209680,1920.020000000000,0.252000000000
1495209681,1920.020000000000,0.251000000000
1495209681,1920.020000000000,0.101000000000
1495209681,1920.020000000000,0.099000000000
1495209682,1920.000000000000,83.855000000000
1495209682,1920.020000000000,0.100000000000
1495209682,1920.020000000000,0.099000000000
1495209702,1920.050000000000,0.100000000000
1495209703,1920.040000000000,0.102000000000
1495209703,1920.040000000000,0.101000000000
1495209704,1920.040000000000,0.256000000000
1495209704,1920.040000000000,0.100000000000
1495209704,1920.040000000000,0.255000000000
1495209704,1920.040000000000,0.252000000000
1495209705,1920.040000000000,0.102000000000
1495209705,1920.040000000000,0.259000000000
1495209705,1920.040000000000,0.259000000000
1495209706,1920.030000000000,0.259000000000
1495209706,1920.040000000000,0.251000000000
1495209706,1920.030000000000,0.101000000000
1495209706,1920.040000000000,0.129000000000
1495209707,1920.000000000000,18.563400000000
1495209707,1920.030000000000,0.259000000000
1495209707,1920.000000000000,1.000000000000
1495209708,1920.000000000000,0.121700000000
1495209708,1920.000000000000,2.000000000000
1495209708,1920.000000000000,1.000000000000
1495209708,1920.000000000000,74.529900000000
1495209738,1920.070000000000,0.100000000000
1495209738,1920.070000000000,0.500000000000
1495209739,1920.050000000000,11.000000000000
1495209739,1920.050000000000,11.000000000000
1495209739,1920.060000000000,0.103000000000
1495209739,1920.060000000000,0.103000000000
1495209740,1920.000000000000,11.000000000000
1495209742,1920.000000000000,0.203000000000
1495209751,1920.000000000000,0.104000000000
1495209752,1919.990000000000,0.100000000000
1495209752,1919.990000000000,0.100000000000
1495209753,1920.000000000000,0.004000000000
1495209754,1920.000000000000,22.000000000000
1495209755,1920.000000000000,0.943000000000
1495209755,1919.990000000000,0.100000000000
1495209756,1920.000000000000,0.251000000000
1495209756,1920.000000000000,62.940000000000
1495209757,1920.000000000000,0.101000000000
1495209757,1920.000000000000,0.101000000000
1495209757,1920.000000000000,0.100000000000
1495209757,1920.000000000000,0.099000000000
1495209758,1920.000000000000,0.099000000000
1495209758,1920.000000000000,0.100000000000
1495209758,1920.000000000000,0.101000000000
1495209758,1920.000000000000,0.101000000000
1495209759,1920.000000000000,0.256000000000
1495209759,1920.000000000000,0.252000000000
1495209759,1920.000000000000,0.101000000000
1495209760,1920.000000000000,0.255000000000
1495209760,1920.000000000000,0.251000000000
1495209760,1920.000000000000,0.250000000000
1495209760,1920.000000000000,0.255000000000
1495209761,1920.000000000000,0.252000000000
1495209761,1920.000000000000,0.254000000000
1495209761,1920.000000000000,0.104000000000
1495209762,1920.000000000000,0.251000000000
1495209763,1920.000000000000,0.100000000000
1495209905,1925.060000000000,0.100000000000
1495209905,1925.060000000000,0.100000000000
1495209906,1925.050000000000,8.816000000000
1495209906,1925.050000000000,0.259000000000
1495209906,1925.050000000000,0.250000000000
1495209907,1925.050000000000,0.229000000000
1495209907,1925.050000000000,0.251000000000
1495209907,1925.050000000000,0.100000000000
1495209907,1925.050000000000,0.104000000000
1495209908,1925.040000000000,0.253000000000
1495209908,1925.050000000000,0.098000000000
1495209908,1925.040000000000,0.101000000000
1495209909,1925.040000000000,0.255000000000
1495209909,1925.040000000000,0.130000000000
1495209909,1925.040000000000,0.104000000000
1495209909,1925.040000000000,0.257000000000
1495209910,1925.040000000000,0.100000000000
1495209910,1925.040000000000,0.101000000000
1495209910,1925.040000000000,0.256000000000
1495209910,1925.040000000000,0.100000000000
1495209911,1925.030000000000,0.249000000000
1495209911,1925.030000000000,0.253000000000
1495209911,1925.030000000000,0.103000000000
1495209912,1925.030000000000,0.254000000000
1495209912,1925.030000000000,0.098000000000
1495209912,1925.030000000000,0.250000000000
1495209912,1925.010000000000,11.000000000000
1495209913,1925.010000000000,11.000000000000
1495209913,1925.000000000000,79.478600000000
1495210490,1936.580000000000,0.017500000000
1495210742,1931.610000000000,0.258000000000
1495210742,1931.610000000000,0.136000000000
1495210742,1931.610000000000,0.255000000000
1495210742,1931.620000000000,0.100000000000
1495210742,1931.610000000000,0.260000000000
1495210743,1931.610000000000,0.257000000000
1495210743,1931.610000000000,0.131000000000
1495210743,1931.610000000000,0.105000000000
1495210743,1931.610000000000,0.104000000000
1495210743,1931.610000000000,0.259000000000
1495210743,1931.610000000000,0.104000000000
1495210744,1931.610000000000,0.190000000000
1495210744,1931.610000000000,0.255000000000
1495210744,1931.610000000000,0.256000000000
1495210744,1931.610000000000,0.255000000000
1495210744,1931.610000000000,0.117700000000
1495210745,1931.610000000000,0.011300000000
1495210746,1930.980000000000,0.050000000000
1495210746,1931.610000000000,0.260000000000
1495210746,1931.610000000000,0.256000000000
1495210746,1931.610000000000,0.260000000000
1495210746,1931.340000000000,0.428000000000
1495210757,1934.530000000000,0.220000000000
1495210805,1935.580000000000,0.254000000000
1495210805,1935.580000000000,0.255000000000
1495210806,1935.580000000000,0.257000000000
1495210806,1935.580000000000,0.132000000000
1495210806,1935.580000000000,0.136000000000
1495210806,1935.580000000000,0.254000000000
1495210828,1935.600000000000,0.100000000000
1495210828,1935.610000000000,0.100000000000
1495210829,1935.610000000000,0.249000000000
1495210829,1935.610000000000,0.101000000000
1495210829,1935.610000000000,0.253000000000
1495210830,1935.610000000000,0.098000000000
1495210830,1935.610000000000,0.099000000000
1495210944,1935.540000000000,0.061500000000
1495210997,1935.510000000000,0.100000000000
1495210997,1935.510000000000,0.042800000000
1495210997,1935.510000000000,0.250000000000
1495210997,1935.510000000000,0.103000000000
1495210997,1935.500000000000,0.100000000000
1495210998,1935.510000000000,0.098000000000
1495210998,1935.510000000000,0.201800000000
1495210998,1935.510000000000,0.250000000000
1495210998,1935.510000000000,0.101000000000
1495210998,1935.510000000000,0.051200000000
1495210998,1935.510000000000,0.001600000000
1495210998,1935.510000000000,0.039200000000
1495210999,1935.510000000000,0.249400000000
1495210999,1935.510000000000,0.192000000000
1495210999,1935.510000000000,0.005100000000
1495210999,1935.510000000000,0.150900000000
1495211000,1935.540000000000,0.100000000000
1495211005,1935.540000000000,0.280000000000
1495211024,1935.540000000000,0.255000000000
1495211024,1935.540000000000,0.254000000000
1495211025,1935.540000000000,0.257000000000
1495211025,1935.540000000000,0.256000000000
1495211025,1935.540000000000,0.256000000000
1495211025,1935.540000000000,0.255000000000
1495211025,1935.540000000000,0.258000000000
1495211025,1935.540000000000,0.191000000000
1495211025,1935.540000000000,0.255000000000
1495211026,1935.540000000000,0.132000000000
1495211026,1935.540000000000,0.136000000000
1495211026,1935.540000000000,0.129000000000
1495211026,1935.540000000000,0.256000000000
1495211026,1935.540000000000,0.256000000000
1495211026,1935.540000000000,0.101500000000
1495211027,1935.540000000000,0.156500000000
1495211027,1934.540000000000,0.100000000000
1495211354,1935.470000000000,0.632800000000
1495211355,1935.470000000000,0.258000000000
1495211355,1935.470000000000,0.257000000000
1495211355,1935.470000000000,0.257000000000
1495211355,1935.470000000000,0.259000000000
1495211356,1935.470000000000,0.257000000000
1495211356,1935.470000000000,0.261000000000
1495211356,1935.470000000000,0.257000000000
1495211357,1935.470000000000,0.061200000000
1495211452,1935.530000000000,0.100000000000
1495211452,1935.530000000000,0.130000000000
1495211452,1935.270000000000,0.100000000000
1495211453,1934.400000000000,0.417400000000
1495211453,1931.500000000000,4.252600000000
1495211532,1935.530000000000,0.255000000000
1495211533,1935.170000000000,0.100000000000
1495211561,1930.000000000000,0.616300000000
1495211561,1932.610000000000,0.751700000000
1495211561,1932.610000000000,0.132000000000
1495211583,1932.610000000000,0.104000000000
1495211583,1932.610000000000,0.191000000000
1495211584,1932.610000000000,0.104000000000
1495211584,1932.610000000000,0.105000000000
1495211584,1932.610000000000,0.136000000000
1495211585,1930.000000000000,0.462200000000
1495211585,1932.610000000000,0.132000000000
1495211650,1930.000000000000,0.104000000000
1495211650,1930.000000000000,0.137000000000
1495211650,1930.000000000000,0.255000000000
1495211650,1930.000000000000,0.257000000000
1495211650,1930.000000000000,0.104000000000
1495211651,1930.000000000000,0.192000000000
1495211651,1930.000000000000,0.256000000000
1495211651,1930.000000000000,0.133000000000
1495211651,1930.000000000000,0.257000000000
1495211651,1930.000000000000,0.260000000000
1495211685,1929.000000000000,2.673100000000
1495211686,1929.000000000000,3.544700000000
1495211687,1929.000000000000,2.620100000000
1495211727,1929.000000000000,2.833500000000
1495211728,1929.000000000000,2.717300000000
1495211733,1929.000000000000,3.635400000000
1495211781,1929.000000000000,2.613700000000
1495211782,1929.000000000000,2.516700000000
1495211783,1929.000000000000,3.230100000000
1495211783,1929.000000000000,2.515600000000
1495211783,1929.000000000000,2.807100000000
1495211789,1929.000000000000,2.379800000000
1495211797,1929.000000000000,3.243900000000
1495211797,1929.000000000000,2.200500000000
1495211797,1929.000000000000,2.322700000000
1495211798,1929.000000000000,3.003800000000
1495211803,1929.000000000000,3.088000000000
1495211803,1929.000000000000,2.450500000000
1495211804,1929.000000000000,2.242100000000
1495211804,1929.000000000000,2.167900000000
1495211805,1929.000000000000,3.023700000000
1495211806,1929.000000000000,2.673400000000
1495211806,1929.000000000000,2.897600000000
1495211806,1929.000000000000,3.359800000000
1495211807,1929.000000000000,0.104000000000
1495211807,1929.000000000000,0.133000000000
1495211807,1929.000000000000,0.192000000000
1495211807,1929.000000000000,0.238300000000
1495211807,1929.000000000000,0.104000000000
1495211807,1929.000000000000,3.000700000000
1495211919,1927.440000000000,0.192000000000
1495211919,1927.440000000000,0.133000000000
1495212082,1927.100000000000,2.066300000000
1495212082,1927.100000000000,0.133000000000
1495212082,1927.100000000000,0.216400000000
1495212082,1927.100000000000,0.040600000000
1495212082,1927.100000000000,0.257000000000
1495212082,1927.100000000000,0.257000000000
1495212082,1927.100000000000,0.192000000000
1495212083,1927.100000000000,0.256000000000
1495212083,1927.100000000000,0.256000000000
1495212083,1927.100000000000,0.257000000000
1495212083,1927.100000000000,0.257000000000
1495212083,1927.100000000000,0.130000000000
1495212083,1927.100000000000,0.257000000000
1495212083,1927.100000000000,0.259000000000
1495212142,1926.800000000000,1.108800000000
1495212218,1926.000000000000,0.007700000000
1495212292,1926.060000000000,0.100000000000
1495212293,1926.060000000000,0.310000000000
1495212313,1925.510000000000,0.100000000000
1495212313,1925.500000000000,1.000000000000
1495212386,1925.010000000000,1.000000000000
1495212510,1925.000000000000,2.159300000000
1495212556,1925.000000000000,1.955300000000
1495212556,1925.000000000000,2.195900000000
1495212557,1925.000000000000,2.940000000000
1495212557,1925.000000000000,3.075000000000
1495212557,1925.000000000000,2.476700000000
1495212557,1925.000000000000,1.825900000000
1495212605,1925.000000000000,3.230600000000
1495212609,1925.000000000000,3.045400000000
1495212628,1925.000000000000,0.000100000000
1495212706,1925.000000000000,0.130000000000
1495212753,1925.050000000000,0.525000000000
1495212757,1925.100000000000,0.102000000000
1495212801,1926.560000000000,0.001600000000
1495212818,1929.280000000000,0.021000000000
1495212820,1930.510000000000,0.100000000000
1495212820,1930.510000000000,0.100000000000
1495212823,1930.510000000000,0.100000000000
1495212823,1930.510000000000,0.100000000000
1495212833,1930.520000000000,0.654100000000
1495212833,1930.520000000000,0.099000000000
1495212833,1930.520000000000,0.100000000000
1495212833,1930.520000000000,2.448900000000
1495212833,1930.520000000000,0.100000000000
1495212834,1930.520000000000,0.192000000000
1495212834,1930.520000000000,0.098000000000
1495212834,1930.520000000000,0.260000000000
1495212834,1930.510000000000,0.032300000000
1495212834,1930.520000000000,0.259000000000
1495212834,1930.520000000000,0.101000000000
1495212834,1930.510000000000,0.261000000000
1495212834,1930.520000000000,0.133000000000
1495212835,1930.520000000000,0.253000000000
1495212835,1930.510000000000,0.198700000000
1495212835,1930.510000000000,0.260000000000
1495212836,1929.880000000000,0.250000000000
1495212837,1930.520000000000,0.256000000000
1495212837,1929.900000000000,0.100000000000
1495212837,1929.900000000000,0.259000000000
1495212838,1929.900000000000,0.100000000000
1495212839,1929.900000000000,0.136000000000
1495212840,1929.900000000000,0.100000000000
1495212889,1929.870000000000,0.100000000000
1495212889,1929.870000000000,0.100000000000
1495212891,1929.870000000000,0.100000000000
1495212892,1929.870000000000,0.100000000000
1495212927,1929.880000000000,0.099000000000
1495212927,1929.880000000000,0.101000000000
1495212927,1929.880000000000,0.098000000000
1495212927,1929.880000000000,0.100000000000
1495212928,1929.880000000000,0.253000000000
1495212928,1929.880000000000,0.021000000000
1495212928,1929.880000000000,0.250000000000
1495213217,1929.550000000000,0.133000000000
1495213268,1929.190000000000,0.315000000000
1495213282,1929.200000000000,0.100000000000
1495213282,1929.200000000000,0.100000000000
1495213284,1928.290000000000,0.100000000000
1495213287,1928.290000000000,0.100000000000
1495213304,1928.280000000000,0.100000000000
1495213304,1928.280000000000,1.000000000000
1495213304,1928.280000000000,0.066000000000
1495213305,1929.350000000000,0.100000000000
1495213306,1929.350000000000,0.100000000000
1495213309,1928.380000000000,0.100000000000
1495213402,1929.110000000000,0.275000000000
1495213405,1929.240000000000,0.038000000000
1495213412,1930.260000000000,0.173800000000
1495213442,1928.690000000000,0.100000000000
1495213442,1928.690000000000,0.100000000000
1495213445,1928.690000000000,0.100000000000
1495213447,1928.180000000000,0.100000000000
1495213480,1928.160000000000,1.100000000000
1495213480,1928.530000000000,0.570400000000
1495213480,1928.530000000000,0.303000000000
1495213480,1928.530000000000,2.228600000000
1495213480,1928.150000000000,0.100000000000
1495213480,1928.150000000000,0.100000000000
1495213480,1928.150000000000,0.114000000000
1495213482,1928.720000000000,0.100000000000
1495213489,1928.720000000000,0.100000000000
1495213490,1928.730000000000,1.100000000000
1495213528,1928.630000000000,1.215200000000
1495213529,1928.630000000000,1.883800000000
1495213529,1928.640000000000,0.218400000000
1495213532,1928.640000000000,0.781600000000
1495213549,1928.960000000000,0.002900000000
1495213564,1928.970000000000,0.097100000000
1495213564,1928.970000000000,0.100000000000
1495213565,1928.960000000000,2.000000000000
1495213566,1928.580000000000,0.100000000000
1495213571,1928.580000000000,0.100000000000
1495213622,1928.570000000000,0.005600000000
1495213634,1928.570000000000,0.067000000000
1495213637,1928.760000000000,0.036000000000
1495213783,1929.140000000000,2.500000000000
1495213926,1928.580000000000,0.100000000000
1495213926,1928.590000000000,0.182000000000
1495213927,1929.000000000000,0.100000000000
1495213933,1929.610000000000,0.100000000000
1495213935,1929.610000000000,0.100000000000
1495214227,1928.250000000000,0.100000000000
1495214227,1928.250000000000,0.191000000000
1495214228,1928.250000000000,0.137000000000
1495214228,1928.250000000000,0.133000000000
1495214231,1928.590000000000,1.178200000000
1495214231,1928.250000000000,0.100000000000
1495214231,1928.120000000000,0.100000000000
1495214231,1928.060000000000,1.729800000000
1495214422,1929.110000000000,0.024200000000
1495214424,1929.110000000000,0.075800000000
1495214568,1928.900000000000,0.136000000000
1495214568,1928.900000000000,0.191000000000
1495214569,1927.230000000000,0.100000000000
1495214572,1927.220000000000,0.100000000000
1495214692,1926.780000000000,0.150000000000
1495214940,1924.860000000000,0.130000000000
1495214984,1922.730000000000,0.016500000000
1495215039,1924.260000000000,0.100000000000
1495215040,1924.260000000000,0.100000000000
1495215040,1924.260000000000,0.412000000000
1495215129,1924.280000000000,0.388000000000
1495215201,1923.460000000000,0.014100000000
1495215451,1923.460000000000,0.044500000000
1495215782,1923.460000000000,0.021000000000
1495215782,1923.460000000000,0.197500000000
1495215782,1924.350000000000,1.529000000000
1495215782,1924.350000000000,1.339600000000
1495215783,1924.350000000000,0.243400000000
1495215784,1924.350000000000,1.000000000000
1495215784,1924.350000000000,0.003200000000
1495215850,1923.840000000000,0.011100000000
1495215926,1924.010000000000,0.058100000000
1495215981,1924.000000000000,0.130000000000
1495215981,1923.860000000000,0.039500000000
1495215982,1923.860000000000,0.030800000000
1495215985,1923.860000000000,0.100000000000
1495215988,1923.860000000000,0.014100000000
1495216091,1923.070000000000,0.000100000000
1495216148,1922.460000000000,0.002700000000
1495216365,1923.140000000000,0.275800000000
1495216369,1923.940000000000,0.073000000000
1495216424,1925.760000000000,0.100000000000
1495216425,1925.770000000000,1.710000000000
1495217118,1924.930000000000,0.007100000000
1495217290,1924.930000000000,0.122900000000
1495217377,1922.790000000000,0.002900000000
1495217495,1921.810000000000,0.100000000000
1495217495,1921.810000000000,0.085900000000
1495217496,1921.820000000000,0.418000000000
1495217496,1923.320000000000,0.100000000000
1495217497,1923.040000000000,0.730600000000
1495217497,1923.320000000000,0.269400000000
1495217500,1923.220000000000,0.014100000000
1495217543,1922.520000000000,0.001100000000
1495217731,1924.090000000000,0.176000000000
1495217783,1924.980000000000,0.059000000000
1495217785,1925.070000000000,0.027000000000
1495217823,1924.950000000000,0.098900000000
1495217823,1924.950000000000,0.100000000000
1495217823,1924.940000000000,0.130000000000
1495217895,1922.510000000000,0.100000000000
1495217899,1921.330000000000,0.100000000000
1495217919,1921.570000000000,0.100000000000
1495217919,1921.170000000000,0.100000000000
1495217919,1921.570000000000,0.101000000000
1495217944,1920.790000000000,0.100000000000
1495217944,1921.570000000000,0.076000000000
1495217973,1919.340000000000,0.382000000000
1495217974,1919.670000000000,0.100000000000
1495217974,1919.670000000000,0.100000000000
1495217975,1919.670000000000,0.100000000000
1495217990,1920.100000000000,0.100000000000
1495217991,1920.030000000000,0.100000000000
1495217991,1920.100000000000,0.100000000000
1495218011,1919.980000000000,0.100000000000
1495218011,1919.980000000000,0.100000000000
1495218012,1920.040000000000,0.100000000000
1495218013,1920.040000000000,0.100000000000
1495218062,1919.640000000000,0.100000000000
1495218062,1919.640000000000,0.100000000000
1495218063,1919.400000000000,0.100000000000
1495218067,1919.400000000000,0.100000000000
1495218114,1917.650000000000,0.000300000000
1495218128,1917.760000000000,0.277000000000
1495218148,1918.330000000000,0.100000000000
1495218148,1917.560000000000,0.100000000000
1495218148,1917.570000000000,0.033000000000
1495218150,1918.330000000000,0.022000000000
1495218352,1920.990000000000,0.000100000000
1495218373,1920.990000000000,0.020100000000
1495218374,1920.990000000000,0.033600000000
1495218374,1920.990000000000,0.013600000000
1495218374,1920.990000000000,0.066200000000
1495218376,1920.990000000000,0.000200000000
1495218458,1921.610000000000,0.051400000000
1495218458,1921.600000000000,0.007200000000
1495218459,1921.600000000000,0.008600000000
1495218459,1921.610000000000,0.008600000000
1495218538,1921.610000000000,0.088400000000
1495218559,1918.670000000000,0.014400000000
1495218792,1914.340000000000,0.014300000000
1495218827,1914.560000000000,0.410000000000
1495218829,1914.630000000000,0.030000000000
1495218978,1914.820000000000,0.065800000000
1495218978,1914.830000000000,0.093000000000
1495219012,1915.170000000000,1.281900000000
1495219013,1914.840000000000,1.990800000000
1495219013,1914.840000000000,2.061200000000
1495219014,1914.840000000000,1.029600000000
1495219018,1914.840000000000,1.803400000000
1495219032,1914.840000000000,1.817600000000
1495219205,1912.640000000000,0.034200000000
1495219205,1912.630000000000,0.074400000000
1495219257,1910.360000000000,0.058700000000
1495219264,1910.500000000000,0.100000000000
1495219267,1910.500000000000,0.065800000000
1495219269,1910.000000000000,1.000000000000
1495219310,1909.250000000000,0.000200000000
1495219310,1909.250000000000,0.000200000000
1495219325,1908.700000000000,0.000100000000
1495219383,1908.610000000000,0.000100000000
1495219418,1908.230000000000,0.002100000000
1495219419,1908.230000000000,0.018000000000
1495219420,1908.230000000000,0.060000000000
1495219421,1908.230000000000,0.002900000000
1495219434,1908.230000000000,0.000100000000
1495219712,1905.940000000000,0.000100000000
1495219746,1907.100000000000,0.100000000000
1495219748,1907.120000000000,0.350000000000
1495219750,1907.120000000000,0.100000000000
1495219751,1907.120000000000,0.048000000000
1495219906,1910.500000000000,0.029300000000
1495219930,1910.420000000000,0.070700000000
1495220019,1910.220000000000,0.100000000000
1495220231,1913.830000000000,0.001100000000
1495220241,1914.840000000000,0.072400000000
1495220251,1914.840000000000,0.021000000000
1495220251,1914.840000000000,1.009900000000
1495220368,1916.470000000000,0.009700000000
1495220371,1915.990000000000,0.100000000000
1495220444,1914.250000000000,0.000100000000
1495220542,1917.040000000000,0.038400000000
1495220542,1916.920000000000,0.021000000000
1495220591,1915.850000000000,0.100000000000
1495220634,1917.580000000000,0.132700000000
1495220634,1917.570000000000,0.000100000000
1495220655,1916.050000000000,0.083600000000
1495220706,1916.060000000000,0.011100000000
1495220719,1916.060000000000,0.000100000000
1495220739,1916.060000000000,0.088700000000
1495220743,1915.960000000000,0.100000000000
1495220791,1915.950000000000,0.100000000000
1495220833,1917.610000000000,0.009100000000
1495220914,1918.170000000000,0.028500000000
1495221239,1919.330000000000,0.512200000000
1495221367,1918.170000000000,0.129000000000
1495221367,1918.170000000000,0.100000000000
1495221368,1917.000000000000,1.033200000000
1495221368,1917.000000000000,1.847300000000
1495221368,1918.150000000000,1.665500000000
1495221399,1918.010000000000,0.000500000000
1495221424,1919.680000000000,0.025500000000
1495221455,1919.670000000000,0.036900000000
1495221456,1919.690000000000,2.114300000000
1495221456,1922.000000000000,0.264300000000
1495221456,1919.680000000000,0.100000000000
1495221532,1918.410000000000,0.099500000000
1495221532,1918.400000000000,0.672300000000
1495221533,1918.570000000000,0.060800000000
1495221533,1916.930000000000,0.228200000000
1495221536,1918.570000000000,0.581700000000
1495221539,1915.580000000000,5.539700000000
1495221539,1918.410000000000,0.000100000000
1495221539,1918.570000000000,1.003900000000
1495221573,1919.890000000000,0.097000000000
1495221794,1919.900000000000,2.079000000000
1495221863,1920.110000000000,0.001900000000
1495221863,1919.900000000000,0.021000000000
1495222028,1919.690000000000,0.132200000000
1495222111,1919.690000000000,0.085800000000
1495222221,1921.380000000000,0.088200000000
1495222266,1924.420000000000,1.533200000000
1495222266,1921.380000000000,2.366200000000
1495222277,1921.730000000000,0.009400000000
1495222301,1921.730000000000,0.011400000000
1495222337,1922.020000000000,0.085200000000
1495222343,1922.020000000000,0.045600000000
1495222386,1921.630000000000,0.009600000000
1495222405,1921.630000000000,0.016700000000
1495222409,1921.630000000000,0.005600000000
1495222427,1921.630000000000,0.008300000000
1495222458,1921.180000000000,0.027400000000
1495222475,1921.700000000000,0.006500000000
1495222499,1920.680000000000,0.129000000000
1495222499,1920.680000000000,0.101000000000
1495222500,1920.680000000000,0.089000000000
1495222500,1920.680000000000,0.187000000000
1495222526,1921.470000000000,0.022900000000
1495222545,1922.090000000000,0.006000000000
1495222546,1922.100000000000,0.008900000000
1495222553,1921.510000000000,0.005600000000
1495222576,1922.300000000000,0.009100000000
1495222584,1922.300000000000,0.017000000000
1495222590,1922.300000000000,0.100500000000
1495222649,1921.060000000000,0.000100000000
1495222668,1922.300000000000,0.010400000000
1495222707,1922.450000000000,0.027400000000
1495222719,1921.100000000000,0.000100000000
1495222736,1923.090000000000,0.010500000000
1495222796,1923.070000000000,0.000100000000
1495222797,1923.080000000000,0.065900000000
1495222823,1923.080000000000,0.003900000000
1495222841,1923.080000000000,0.007300000000
1495222850,1923.080000000000,0.005600000000
1495222884,1923.080000000000,0.004300000000
1495222913,1923.080000000000,0.011400000000
1495222920,1923.080000000000,0.004800000000
1495222920,1923.080000000000,0.005300000000
1495222961,1923.080000000000,0.009100000000
1495223012,1923.080000000000,0.004300000000
1495223042,1923.080000000000,0.035800000000
1495223044,1923.080000000000,0.022900000000
1495223118,1923.080000000000,0.063400000000
1495223136,1924.210000000000,0.015500000000
1495223143,1924.210000000000,0.018300000000
1495223166,1924.210000000000,0.027400000000
1495223178,1924.210000000000,0.077600000000
1495223221,1924.680000000000,0.045700000000
1495223267,1924.710000000000,0.018300000000
1495223306,1924.710000000000,0.059300000000
1495223316,1924.710000000000,0.028400000000
1495223336,1924.710000000000,0.032400000000
1495223355,1924.350000000000,0.020500000000
1495223386,1924.890000000000,0.004300000000
1495223408,1924.890000000000,0.073000000000
1495223421,1924.890000000000,0.029700000000
1495223464,1924.890000000000,0.009600000000
1495223520,1925.160000000000,0.009600000000
1495223539,1924.820000000000,0.018300000000
1495223554,1925.190000000000,0.018300000000
1495223665,1925.510000000000,0.018300000000
1495223700,1925.630000000000,0.009100000000
1495223751,1925.940000000000,0.021000000000
1495223751,1926.300000000000,0.021000000000
1495223751,1926.440000000000,0.000900000000
1495223776,1926.440000000000,0.027400000000
1495223830,1926.690000000000,0.040300000000
1495223878,1926.700000000000,0.016900000000
1495223915,1926.700000000000,0.027400000000
1495224000,1926.090000000000,0.187000000000
1495224000,1926.090000000000,0.260000000000
1495224001,1926.090000000000,0.259000000000
1495224001,1926.090000000000,0.130000000000
1495224001,1926.090000000000,0.260000000000
1495224002,1926.090000000000,0.260000000000
1495224002,1926.090000000000,0.262000000000
1495224002,1926.090000000000,0.259000000000
1495224002,1926.090000000000,0.258000000000
1495224003,1926.090000000000,0.218600000000
1495224003,1926.090000000000,0.259000000000
1495224003,1926.090000000000,0.135000000000
1495224003,1926.090000000000,0.259000000000
1495224003,1926.090000000000,0.040400000000
1495224007,1926.520000000000,0.160100000000
1495224021,1926.520000000000,0.007000000000
1495224035,1926.520000000000,0.013700000000
1495224272,1926.420000000000,0.020100000000
1495224322,1926.520000000000,0.019700000000
1495224322,1926.420000000000,0.000900000000
1495224328,1927.660000000000,0.006500000000
1495224341,1927.660000000000,0.003000000000
1495224402,1927.660000000000,0.045700000000
1495224516,1927.360000000000,0.018300000000
1495224518,1926.260000000000,0.000100000000
1495224549,1927.350000000000,0.013700000000
1495224553,1927.350000000000,0.023700000000
1495224584,1927.360000000000,0.011400000000
1495224602,1927.360000000000,0.009100000000
1495224617,1927.360000000000,0.027300000000
1495224617,1927.350000000000,0.000100000000
1495224624,1927.360000000000,0.011400000000
1495224653,1926.340000000000,0.000100000000
1495224690,1927.680000000000,0.011300000000
1495224690,1927.670000000000,0.000100000000
1495224737,1929.360000000000,0.011400000000
1495224740,1929.360000000000,0.009600000000
1495224740,1930.280000000000,0.005000000000
1495224744,1928.870000000000,0.262000000000
1495224744,1928.880000000000,0.100000000000
1495224744,1928.870000000000,0.258000000000
1495224744,1928.870000000000,0.259000000000
1495224744,1928.870000000000,1.100000000000
1495224744,1928.880000000000,0.099700000000
1495224745,1928.870000000000,0.159600000000
1495224745,1928.870000000000,0.260000000000
1495224745,1928.870000000000,0.027400000000
1495224745,1928.870000000000,0.259000000000
1495224745,1928.870000000000,0.259000000000
1495224745,1928.870000000000,0.259000000000
1495224746,1928.870000000000,0.259000000000
1495224746,1928.870000000000,0.259000000000
1495224746,1928.870000000000,0.259000000000
1495224746,1928.870000000000,0.135000000000
1495224746,1928.870000000000,0.130000000000
1495224748,1928.720000000000,0.100000000000
1495224748,1928.720000000000,0.000300000000
1495224770,1928.800000000000,0.036400000000
1495224835,1930.490000000000,0.016900000000
1495224899,1932.820000000000,0.054700000000
1495224917,1932.600000000000,0.011400000000
1495224922,1936.470000000000,0.016400000000
1495224922,1934.910000000000,0.000300000000
1495224935,1933.090000000000,0.005600000000
1495224959,1933.090000000000,0.022800000000
1495224961,1933.090000000000,0.016900000000
1495224961,1933.100000000000,0.011300000000
1495225015,1933.450000000000,0.100000000000
1495225016,1933.460000000000,0.891400000000
1495225019,1933.450000000000,0.031900000000
1495225046,1933.600000000000,0.021000000000
1495225053,1933.930000000000,0.136600000000
1495225113,1934.250000000000,0.006500000000
1495225122,1934.250000000000,0.004300000000
1495225140,1934.250000000000,0.011700000000
1495225154,1934.250000000000,0.002600000000
1495225174,1934.240000000000,0.024600000000
1495225174,1934.250000000000,0.020900000000
1495225195,1935.340000000000,0.016700000000
1495225266,1936.370000000000,0.013700000000
1495225271,1936.000000000000,0.052800000000
1495225278,1936.000000000000,0.018200000000
1495225288,1936.360000000000,0.000100000000
1495225298,1936.090000000000,0.009600000000
1495225396,1936.120000000000,0.012900000000
1495225416,1936.120000000000,0.006100000000
1495225460,1936.120000000000,0.010500000000
1495225477,1936.120000000000,0.003900000000
1495225481,1936.120000000000,0.009100000000
1495225507,1936.120000000000,0.009100000000
1495225511,1936.120000000000,0.004300000000
1495225562,1936.510000000000,0.052100000000
1495225652,1935.760000000000,0.005200000000
1495225748,1935.160000000000,0.018200000000
1495225846,1936.390000000000,0.003500000000
1495225899,1934.950000000000,0.258000000000
1495225899,1934.950000000000,0.259000000000
1495225900,1934.950000000000,0.259000000000
1495225900,1934.950000000000,0.258000000000
1495225900,1934.950000000000,0.258000000000
1495225900,1934.950000000000,0.259000000000
1495225900,1934.950000000000,0.257000000000
1495225900,1934.950000000000,0.012400000000
1495225901,1934.950000000000,0.245600000000
1495225901,1934.950000000000,0.258000000000
1495225901,1934.950000000000,0.261000000000
1495225906,1933.750000000000,0.100000000000
1495225906,1933.750000000000,0.100000000000
1495225909,1933.750000000000,0.100000000000
1495225954,1933.660000000000,0.129000000000
1495225960,1932.890000000000,0.100000000000
1495225974,1932.780000000000,0.011400000000
1495225991,1932.790000000000,0.042500000000
1495226005,1932.780000000000,0.031800000000
1495226036,1931.380000000000,0.000100000000
1495226037,1931.380000000000,0.186900000000
1495226037,1931.380000000000,0.135000000000
1495226037,1931.380000000000,0.130000000000
1495226075,1930.340000000000,0.000100000000
1495226119,1932.270000000000,0.100000000000
1495226119,1932.270000000000,0.056800000000
1495226122,1933.300000000000,0.100000000000
1495226123,1933.370000000000,0.259000000000
1495226124,1933.370000000000,0.259000000000
1495226124,1933.370000000000,0.259000000000
1495226134,1933.490000000000,0.100000000000
1495226134,1933.490000000000,0.100000000000
1495226135,1933.490000000000,0.262000000000
1495226135,1933.480000000000,0.129000000000
1495226135,1933.480000000000,0.259000000000
1495226135,1933.480000000000,0.259000000000
1495226135,1933.490000000000,0.258000000000
1495226135,1933.480000000000,0.259000000000
1495226135,1933.480000000000,0.259000000000
1495226136,1932.260000000000,0.608200000000
1495226136,1933.490000000000,2.391800000000
1495226137,1932.600000000000,0.259000000000
1495226137,1932.600000000000,0.100000000000
1495226176,1933.570000000000,0.100000000000
1495226176,1933.570000000000,0.100000000000
1495226178,1933.570000000000,0.100000000000
1495226179,1933.570000000000,0.100000000000
1495226209,1933.930000000000,0.013600000000
1495226219,1933.930000000000,0.032300000000
1495226248,1932.860000000000,0.100000000000
1495226271,1932.530000000000,0.000100000000
1495226273,1932.850000000000,0.009100000000
1495226334,1934.070000000000,0.025500000000
1495226348,1935.110000000000,0.018200000000
1495226393,1933.640000000000,0.000100000000
1495226401,1933.640000000000,0.258900000000
1495226402,1933.640000000000,0.259000000000
1495226402,1933.640000000000,0.258000000000
1495226402,1933.640000000000,0.262000000000
1495226402,1933.640000000000,0.259000000000
1495226402,1933.640000000000,0.027500000000
1495226402,1933.640000000000,0.259000000000
1495226402,1933.640000000000,0.259000000000
1495226403,1933.640000000000,0.259000000000
1495226403,1933.640000000000,0.129000000000
1495226403,1933.640000000000,0.259000000000
1495226403,1933.640000000000,0.231500000000
1495226404,1933.150000000000,0.100000000000
1495226417,1932.220000000000,0.000100000000
1495226439,1933.490000000000,0.016600000000
1495226443,1933.210000000000,0.006900000000
1495226456,1932.550000000000,0.018600000000
1495226487,1932.230000000000,0.125000000000
1495226523,1931.610000000000,0.009100000000
1495226579,1933.180000000000,0.022700000000
1495226611,1933.170000000000,0.006500000000
1495226681,1932.490000000000,0.248400000000
1495226687,1930.860000000000,0.000600000000
1495226720,1933.080000000000,0.033200000000
1495226720,1933.090000000000,0.007700000000
1495226782,1933.600000000000,0.004300000000
1495226827,1933.190000000000,0.005200000000
1495226837,1934.390000000000,0.018200000000
1495226874,1933.620000000000,0.006500000000
1495226906,1933.620000000000,0.020500000000
1495226919,1932.990000000000,0.038200000000
1495226929,1933.640000000000,0.011800000000
1495226955,1933.920000000000,0.054500000000
1495226958,1933.920000000000,0.299100000000
1495227071,1934.050000000000,0.033500000000
1495227071,1934.960000000000,0.012000000000
1495227101,1934.690000000000,0.052300000000
1495227127,1933.570000000000,0.100000000000
1495227127,1933.570000000000,0.262000000000
1495227127,1933.570000000000,0.259000000000
1495227128,1933.560000000000,0.259000000000
1495227128,1933.560000000000,0.258000000000
1495227128,1933.090000000000,0.099900000000
1495227128,1933.570000000000,0.259000000000
1495227128,1933.560000000000,0.259000000000
1495227129,1933.200000000000,0.259000000000
1495227144,1933.570000000000,0.259000000000
1495227145,1933.570000000000,0.259000000000
1495227145,1933.570000000000,0.259000000000
1495227145,1933.360000000000,0.100000000000
1495227148,1933.080000000000,0.100000000000
1495227151,1931.400000000000,0.129000000000
1495227151,1931.400000000000,0.131000000000
1495227152,1931.400000000000,0.135000000000
1495227162,1931.400000000000,0.010500000000
1495227165,1931.400000000000,0.391600000000
1495227169,1931.390000000000,0.911200000000
1495227169,1931.390000000000,0.988800000000
1495227172,1933.230000000000,0.009100000000
1495227177,1932.850000000000,0.018200000000
1495227208,1931.060000000000,0.135000000000
1495227237,1932.130000000000,0.135000000000
1495227258,1931.470000000000,0.727300000000
1495227292,1932.240000000000,0.010500000000
1495227296,1932.240000000000,0.018700000000
1495227391,1931.790000000000,0.010500000000
1495227423,1932.660000000000,0.004300000000
1495227490,1932.340000000000,0.000100000000
1495227506,1932.340000000000,0.135000000000
1495227506,1932.350000000000,0.761500000000
1495227506,1932.350000000000,2.331500000000
1495227519,1931.990000000000,0.005600000000
1495227532,1931.990000000000,0.094400000000
1495227533,1931.990000000000,0.100000000000
1495227533,1932.240000000000,0.100000000000
1495227535,1932.490000000000,0.100000000000
1495227579,1934.170000000000,0.011400000000
1495227611,1934.180000000000,0.018200000000
1495227643,1933.130000000000,0.010500000000
1495227689,1933.540000000000,0.027300000000
1495227702,1933.540000000000,0.011000000000
1495227772,1932.600000000000,0.002200000000
1495227801,1933.530000000000,0.034100000000
1495227833,1933.540000000000,0.018200000000
1495227898,1933.350000000000,0.030200000000
1495227927,1932.800000000000,0.009100000000
1495227979,1932.400000000000,0.008200000000
1495227991,1932.400000000000,0.026400000000
1495228024,1932.390000000000,0.010000000000
1495228090,1932.360000000000,0.004300000000
1495228098,1933.540000000000,0.003500000000
1495228098,1933.550000000000,0.003000000000
1495228118,1932.040000000000,0.097800000000
1495228118,1932.030000000000,0.135000000000
1495228118,1932.030000000000,0.100000000000
1495228119,1932.030000000000,0.130000000000
1495228120,1931.810000000000,0.100000000000
1495228121,1932.210000000000,0.006500000000
1495228245,1933.790000000000,0.002600000000
1495228249,1933.800000000000,0.003500000000
1495228351,1934.660000000000,0.013200000000
1495228423,1934.720000000000,0.002600000000
1495228453,1934.720000000000,0.139600000000
1495228550,1934.570000000000,0.006000000000
1495228597,1934.090000000000,0.347800000000
1495228618,1934.080000000000,0.054500000000
1495228626,1934.080000000000,0.010400000000
1495228645,1934.080000000000,0.007800000000
1495228683,1935.380000000000,0.186200000000
1495228715,1935.870000000000,0.026300000000
1495228773,1936.630000000000,0.009100000000
1495228791,1935.630000000000,0.000100000000
1495228806,1936.620000000000,0.044300000000
1495228810,1936.630000000000,0.009500000000
1495228882,1936.630000000000,0.002400000000
1495228932,1938.820000000000,0.054500000000
1495229024,1940.830000000000,0.133500000000
1495229024,1940.820000000000,0.039900000000
1495229039,1941.140000000000,0.182900000000
1495229073,1939.950000000000,0.000100000000
1495229087,1940.440000000000,0.000100000000
1495229149,1941.530000000000,0.003400000000
1495229192,1942.910000000000,0.018100000000
1495229289,1944.070000000000,0.004300000000
1495229337,1944.560000000000,0.018100000000
1495229353,1944.350000000000,0.016600000000
1495229356,1944.350000000000,0.027200000000
1495229408,1944.820000000000,0.024000000000
1495229410,1944.820000000000,0.018100000000
1495229461,1945.680000000000,0.098000000000
1495229462,1945.690000000000,1.363400000000
1495229618,1944.780000000000,0.018100000000
1495229695,1945.640000000000,0.002200000000
1495229743,1946.240000000000,0.009100000000
1495229749,1946.240000000000,0.022700000000
1495229760,1946.240000000000,0.072500000000
1495229789,1946.240000000000,0.016300000000
1495229873,1946.240000000000,0.010400000000
1495229878,1946.240000000000,0.009500000000
1495229922,1945.700000000000,0.004300000000
1495230006,1947.060000000000,0.009100000000
1495230045,1947.070000000000,0.010400000000
1495230050,1947.720000000000,0.010000000000
1495230151,1948.010000000000,0.010400000000
1495230159,1948.010000000000,0.010600000000
1495230161,1949.270000000000,0.989400000000
1495230240,1950.000000000000,2.168800000000
1495230240,1950.000000000000,0.838100000000
1495230241,1950.000000000000,0.916800000000
1495230247,1950.000000000000,1.345100000000
1495230247,1950.000000000000,1.141600000000
1495230247,1950.000000000000,1.520700000000
1495230248,1950.000000000000,0.068900000000
1495230306,1953.000000000000,0.021000000000
1495230306,1953.000000000000,0.021000000000
1495230355,1952.700000000000,0.134000000000
1495230355,1952.700000000000,0.129000000000
1495230355,1952.700000000000,0.099900000000
1495230355,1952.700000000000,0.185000000000
1495230355,1952.700000000000,0.099900000000
1495230356,1952.690000000000,1.538700000000
1495230367,1952.930000000000,0.004300000000
1495230405,1952.930000000000,0.067800000000
1495230422,1952.930000000000,0.055100000000
1495230452,1951.190000000000,0.025600000000
1495230531,1953.730000000000,0.010400000000
1495230566,1954.220000000000,0.002100000000
1495230568,1952.790000000000,1.907700000000
1495230568,1952.790000000000,1.157300000000
1495230569,1952.690000000000,0.129000000000
1495230569,1952.700000000000,0.100000000000
1495230569,1952.700000000000,0.000200000000
1495230571,1952.410000000000,0.100000000000
1495230579,1953.420000000000,0.849700000000
1495230579,1953.420000000000,0.958300000000
1495230580,1953.420000000000,1.259000000000
1495230584,1954.980000000000,1.000000000000
1495230584,1954.980000000000,0.009700000000
1495230631,1955.000000000000,0.004300000000
1495230632,1955.650000000000,2.494600000000
1495230632,1955.950000000000,0.000300000000
1495230632,1955.000000000000,0.995700000000
1495230633,1956.000000000000,3.100700000000
1495230633,1956.000000000000,2.039200000000
1495230633,1956.000000000000,3.176900000000
1495230634,1956.000000000000,1.985000000000
1495230655,1956.010000000000,0.200000000000
1495230655,1956.000000000000,2.060100000000
1495230655,1956.000000000000,2.786800000000
1495230655,1956.000000000000,2.979800000000
1495230656,1956.000000000000,2.246600000000
1495230656,1956.000000000000,3.078200000000
1495230663,1956.910000000000,1.839900000000
1495230666,1958.230000000000,0.010800000000
1495230788,1957.880000000000,0.005400000000
1495230794,1957.880000000000,0.250600000000
1495230794,1957.880000000000,0.255000000000
1495230794,1957.880000000000,0.255000000000
1495230794,1957.880000000000,0.256000000000
1495230794,1957.880000000000,0.254000000000
1495230794,1957.880000000000,0.255000000000
1495230795,1957.880000000000,0.256000000000
1495230795,1957.880000000000,0.255000000000
1495230795,1957.880000000000,0.237200000000
1495230795,1957.880000000000,0.255000000000
1495230795,1957.880000000000,0.020800000000
1495230796,1957.880000000000,0.000300000000
1495230796,1957.530000000000,0.010400000000
1495230842,1956.650000000000,0.127000000000
1495230848,1955.880000000000,0.100000000000
1495230849,1955.890000000000,1.000000000000
1495230849,1955.880000000000,0.100000000000
1495230850,1956.440000000000,0.100000000000
1495230853,1956.440000000000,0.100000000000
1495230853,1956.440000000000,0.352600000000
1495230853,1955.890000000000,0.647400000000
1495230898,1957.760000000000,0.087700000000
1495230919,1957.050000000000,0.031600000000
1495231006,1958.530000000000,0.004700000000
1495231018,1958.530000000000,0.003000000000
1495231111,1960.500000000000,0.029400000000
1495231117,1960.500000000000,0.013100000000
1495231133,1960.500000000000,0.076800000000
1495231139,1959.270000000000,0.067200000000
1495231437,1958.030000000000,0.054200000000
1495231470,1958.020000000000,0.060100000000
1495231540,1959.150000000000,0.468000000000
1495231688,1958.590000000000,0.128000000000
1495231690,1957.990000000000,0.100000000000
1495231690,1957.990000000000,0.100000000000
1495231712,1956.990000000000,0.007600000000
1495231715,1958.730000000000,0.177500000000
1495231717,1958.570000000000,0.100000000000
1495231719,1958.570000000000,0.100000000000
1495231719,1958.570000000000,0.025600000000
1495231745,1957.390000000000,0.000200000000
1495231745,1957.390000000000,0.063100000000
1495231768,1958.740000000000,0.026200000000
1495231787,1958.750000000000,2.316100000000
1495231787,1958.750000000000,0.741900000000
1495231813,1959.560000000000,0.027100000000
1495231839,1959.990000000000,0.010400000000
1495231967,1958.450000000000,0.011300000000
1495231981,1959.790000000000,0.018100000000
1495232034,1959.370000000000,0.006400000000
1495232040,1958.740000000000,0.185000000000
1495232041,1958.740000000000,0.127000000000
1495232041,1958.740000000000,0.134000000000
1495232052,1958.580000000000,0.025800000000
1495232065,1958.750000000000,0.001300000000
1495232092,1958.750000000000,0.000600000000
1495232099,1958.750000000000,0.133400000000
1495232099,1958.750000000000,0.185000000000
1495232099,1958.750000000000,0.127000000000
1495232100,1958.420000000000,0.036700000000
1495232102,1959.120000000000,0.009900000000
1495232113,1959.520000000000,0.038900000000
1495232131,1958.660000000000,0.100000000000
1495232141,1958.650000000000,0.036700000000
1495232200,1958.880000000000,0.148500000000
1495232260,1959.550000000000,0.013500000000
1495232261,1959.550000000000,0.024500000000
1495232304,1960.550000000000,0.045000000000
1495232310,1960.550000000000,0.005600000000
1495232486,1962.330000000000,1.051700000000
1495232486,1962.380000000000,0.100000000000
1495232486,1962.370000000000,1.500000000000
1495232487,1962.330000000000,2.009300000000
1495232488,1962.050000000000,0.100000000000
1495232596,1964.710000000000,0.044300000000
1495232729,1963.420000000000,0.019300000000
1495232740,1963.410000000000,0.027000000000
1495232754,1962.500000000000,0.026100000000
1495232758,1963.410000000000,0.915800000000
1495232758,1962.500000000000,1.315400000000
1495232759,1963.410000000000,1.909300000000
1495232760,1963.410000000000,0.193900000000
1495232761,1963.750000000000,0.100000000000
1495232773,1964.990000000000,0.022500000000
1495232779,1964.480000000000,0.024900000000
1495232865,1964.800000000000,0.009400000000
1495232923,1964.800000000000,0.031500000000
1495232968,1964.990000000000,0.036600000000
1495232968,1965.000000000000,0.025000000000
1495233070,1966.730000000000,2.187500000000
1495233072,1966.730000000000,0.863500000000
1495233190,1966.680000000000,1.000000000000
1495233193,1966.430000000000,1.000000000000
1495233193,1966.430000000000,0.100000000000
1495233196,1966.430000000000,0.100000000000
1495233233,1964.400000000000,1.055800000000
1495233235,1963.610000000000,0.100000000000
1495233250,1963.840000000000,0.100000000000
1495233275,1963.820000000000,0.100000000000
1495233276,1963.830000000000,1.036300000000
1495233276,1963.830000000000,1.064600000000
1495233277,1963.830000000000,2.250800000000
1495233287,1963.820000000000,0.100000000000
1495233287,1963.830000000000,1.576700000000
1495233288,1963.820000000000,0.100000000000
1495233288,1963.830000000000,0.571600000000
1495233325,1963.760000000000,0.001000000000
1495233334,1964.680000000000,0.011200000000
1495233347,1963.220000000000,0.000900000000
1495233401,1964.780000000000,0.006400000000
1495233420,1965.060000000000,0.002100000000
1495233435,1965.520000000000,0.018000000000
1495233739,1966.830000000000,0.064400000000
1495233925,1967.040000000000,0.100000000000
1495233925,1967.040000000000,0.098100000000
1495233925,1967.020000000000,2.774100000000
1495233926,1967.020000000000,1.719100000000
1495233926,1967.020000000000,2.134600000000
1495233927,1967.020000000000,0.372200000000
1495233927,1966.550000000000,1.569600000000
1495233927,1966.550000000000,1.480400000000
1495233927,1966.540000000000,0.100000000000
1495233928,1966.540000000000,0.100000000000
1495233940,1966.560000000000,0.100000000000
1495233966,1965.790000000000,0.017900000000
1495233971,1965.790000000000,0.082100000000
1495233971,1965.790000000000,0.100000000000
1495233973,1966.260000000000,0.100000000000
1495234060,1965.600000000000,0.009000000000
1495234081,1964.050000000000,0.550000000000
1495234081,1964.060000000000,0.100000000000
1495234081,1964.060000000000,0.100000000000
1495234089,1965.450000000000,0.004300000000
1495234093,1964.060000000000,0.000100000000
1495234171,1965.750000000000,0.018000000000
1495234212,1965.140000000000,0.004300000000
1495234218,1965.140000000000,0.023700000000
1495234237,1963.450000000000,0.017600000000
1495234276,1963.130000000000,0.049700000000
1495234372,1960.620000000000,0.255000000000
1495234372,1960.620000000000,0.257000000000
1495234372,1960.620000000000,0.255000000000
1495234373,1960.620000000000,0.254000000000
1495234373,1960.620000000000,0.253000000000
1495234373,1960.620000000000,0.255000000000
1495234373,1960.620000000000,0.255000000000
1495234373,1960.620000000000,0.254000000000
1495234373,1960.620000000000,0.254000000000
1495234373,1960.620000000000,0.254000000000
1495234379,1960.510000000000,0.011300000000
1495234542,1960.100000000000,0.099900000000
1495234545,1960.090000000000,0.011300000000
1495234607,1959.880000000000,0.088700000000
1495234645,1961.450000000000,0.054000000000
1495234650,1961.320000000000,0.067400000000
1495234710,1959.840000000000,0.018000000000
1495234725,1959.780000000000,0.127000000000
1495234746,1959.780000000000,0.049500000000
1495234780,1960.000000000000,0.100000000000
1495234802,1961.730000000000,0.046000000000
1495234802,1962.940000000000,0.008000000000
1495234855,1961.220000000000,0.100000000000
1495234937,1961.860000000000,0.004700000000
1495234941,1961.860000000000,0.006400000000
1495234957,1961.860000000000,0.012600000000
1495234972,1961.860000000000,0.011700000000
1495235242,1961.770000000000,0.100000000000
1495235242,1961.770000000000,0.088700000000
1495235262,1961.460000000000,0.009000000000
1495235300,1961.460000000000,0.006400000000
1495235327,1961.880000000000,0.077800000000
1495235369,1962.640000000000,0.072400000000
1495235392,1962.580000000000,0.002600000000
1495235401,1961.420000000000,0.020000000000
1495235485,1960.230000000000,0.020000000000
1495235487,1959.970000000000,0.020000000000
1495235563,1962.140000000000,0.049600000000
1495235563,1962.140000000000,0.040400000000
1495235580,1960.410000000000,0.021800000000
1495235626,1960.740000000000,0.006400000000
1495235663,1961.610000000000,0.022500000000
1495235703,1960.230000000000,0.000300000000
1495235745,1960.260000000000,0.235500000000
1495235799,1961.780000000000,0.013500000000
1495235834,1961.270000000000,0.009000000000
1495235944,1960.550000000000,0.522200000000
1495235951,1959.550000000000,0.127000000000
1495235951,1959.560000000000,0.063300000000
1495236009,1960.470000000000,0.009000000000
1495236018,1960.960000000000,0.082000000000
1495236018,1960.970000000000,0.026000000000
1495236082,1960.170000000000,0.027000000000
1495236099,1959.080000000000,1.801000000000
1495236099,1959.580000000000,0.038200000000
1495236099,1959.580000000000,0.100000000000
1495236100,1958.470000000000,0.060800000000
1495236110,1960.590000000000,0.010300000000
1495236159,1960.440000000000,0.040500000000
1495236172,1960.430000000000,0.009000000000
1495236329,1959.180000000000,0.045000000000
1495236368,1959.170000000000,0.000900000000
1495236368,1959.200000000000,0.002500000000
1495236379,1959.190000000000,0.073000000000
1495236381,1959.550000000000,0.100000000000
1495236388,1959.550000000000,0.100000000000
1495236391,1959.550000000000,0.073000000000
1495236393,1959.550000000000,0.010400000000
1495236401,1959.540000000000,0.100000000000
1495236403,1960.010000000000,1.000000000000
1495236403,1960.010000000000,0.100000000000
1495236444,1958.800000000000,0.020000000000
1495236455,1960.400000000000,0.010400000000
1495236513,1961.650000000000,0.004700000000
1495236517,1961.980000000000,0.004900000000
1495236529,1963.580000000000,0.027000000000
1495236535,1963.580000000000,0.006400000000
1495236566,1963.040000000000,0.011200000000
1495236583,1963.040000000000,0.512800000000
1495236617,1963.530000000000,0.009000000000
1495236628,1963.210000000000,0.009000000000
1495236666,1963.000000000000,0.011200000000
1495236694,1963.510000000000,0.055800000000
1495236780,1962.580000000000,0.009000000000
1495236816,1964.150000000000,0.045000000000
1495236895,1965.000000000000,0.027000000000
1495236898,1963.620000000000,0.001300000000
1495236929,1965.000000000000,0.073000000000
1495236931,1965.530000000000,0.001300000000
1495237171,1966.300000000000,0.015700000000
1495237211,1965.260000000000,0.006800000000
1495237258,1964.790000000000,0.062900000000
1495237380,1965.890000000000,0.032800000000
1495237452,1965.310000000000,0.022400000000
1495237462,1965.270000000000,0.020000000000
1495237469,1965.270000000000,0.010300000000
1495237483,1965.530000000000,0.012400000000
1495237521,1963.490000000000,0.080000000000
1495237521,1963.490000000000,0.098700000000
1495237525,1963.420000000000,0.100000000000
1495237525,1963.420000000000,0.100000000000
1495237537,1963.410000000000,0.100000000000
1495237537,1963.720000000000,0.100000000000
1495237540,1965.670000000000,0.418600000000
1495237540,1963.990000000000,0.100000000000
1495237543,1963.990000000000,0.078700000000
1495237569,1963.990000000000,0.062600000000
1495237602,1965.140000000000,0.012600000000
1495237624,1965.140000000000,0.009000000000
1495237715,1964.730000000000,0.033700000000
1495237829,1963.690000000000,0.009000000000
1495237952,1965.710000000000,0.009900000000
1495237983,1965.710000000000,0.020200000000
1495237990,1965.710000000000,0.010300000000
1495238133,1965.680000000000,0.009900000000
1495238175,1965.680000000000,0.013500000000
1495238241,1964.680000000000,0.019300000000
1495238326,1963.660000000000,0.002100000000
1495238339,1965.390000000000,0.009900000000
1495238356,1964.550000000000,0.009000000000
1495238382,1963.020000000000,0.011600000000
1495238391,1964.220000000000,0.650900000000
1495238507,1964.220000000000,0.003800000000
1495238562,1962.930000000000,0.033700000000
1495238628,1962.440000000000,0.026900000000
1495238793,1963.390000000000,0.022400000000
1495238808,1963.040000000000,0.013000000000
1495238833,1963.040000000000,0.011300000000
1495238899,1963.900000000000,0.011600000000
1495238969,1964.970000000000,0.009900000000
1495239035,1964.850000000000,0.021500000000
1495239090,1966.440000000000,0.022400000000
1495239105,1965.550000000000,0.005400000000
1495239109,1965.560000000000,0.088400000000
1495239109,1965.140000000000,0.011600000000
1495239109,1965.560000000000,0.100000000000
1495239140,1965.500000000000,0.011600000000
1495239140,1965.500000000000,0.100000000000
1495239142,1965.180000000000,0.100000000000
1495239252,1966.290000000000,0.020600000000
1495239320,1965.620000000000,0.005800000000
1495239353,1966.390000000000,0.046000000000
1495239356,1966.700000000000,0.006400000000
1495239386,1966.700000000000,0.013500000000
1495239408,1964.930000000000,0.000100000000
1495239409,1964.930000000000,0.008100000000
1495239409,1964.930000000000,0.000100000000
1495239499,1965.680000000000,0.008800000000
1495239500,1965.690000000000,0.000100000000
1495239529,1966.740000000000,0.035900000000
1495239532,1966.740000000000,0.001300000000
1495239564,1966.410000000000,0.026900000000
1495239600,1966.490000000000,0.010800000000
1495239678,1965.260000000000,0.019500000000
1495239733,1967.180000000000,0.048000000000
1495239760,1967.260000000000,0.026900000000
1495239765,1966.150000000000,0.089700000000
1495239768,1966.150000000000,0.015700000000
1495239800,1966.450000000000,0.017900000000
1495239883,1967.250000000000,0.062300000000
1495239883,1967.250000000000,0.062800000000
1495239886,1967.250000000000,0.100000000000
1495239888,1967.250000000000,0.100000000000
1495239898,1969.230000000000,0.022400000000
1495240344,1970.000000000000,1.928400000000
1495240345,1970.000000000000,1.060100000000
1495240346,1970.000000000000,1.128900000000
1495240346,1970.000000000000,2.324400000000
1495240346,1970.000000000000,2.350100000000
1495240435,1970.000000000000,1.582300000000
1495240435,1970.000000000000,1.448100000000
1495240436,1970.000000000000,1.239100000000
1495240436,1970.000000000000,2.241800000000
1495240446,1970.000000000000,1.275700000000
1495240447,1970.000000000000,1.517500000000
1495240447,1970.000000000000,1.526500000000
1495240447,1970.000000000000,1.144200000000
1495240464,1970.000000000000,0.005500000000
1495240465,1970.000000000000,2.050900000000
1495240466,1970.000000000000,1.749400000000
1495240479,1970.000000000000,1.414500000000
1495240480,1970.000000000000,0.093200000000
1495240480,1970.000000000000,0.956500000000
1495240480,1970.000000000000,0.006800000000
1495240562,1972.920000000000,0.004800000000
1495240606,1974.360000000000,0.006000000000
1495240705,1975.120000000000,0.003000000000
1495240724,1975.120000000000,0.324200000000
1495240758,1975.120000000000,0.031300000000
1495240762,1975.120000000000,0.026800000000
1495240795,1975.120000000000,0.001700000000
1495240867,1975.120000000000,0.021500000000
1495240873,1975.120000000000,0.259800000000
1495240940,1975.120000000000,0.015600000000
1495240954,1975.120000000000,0.010300000000
1495240988,1975.120000000000,0.028100000000
1495241058,1962.570000000000,0.002700000000
1495241072,1975.080000000000,0.008900000000
1495241082,1975.080000000000,0.002100000000
1495241086,1975.080000000000,0.107200000000
1495241118,1974.850000000000,0.010700000000
1495241244,1973.170000000000,0.000100000000
1495241256,1974.230000000000,0.128700000000
1495241263,1973.170000000000,0.001000000000
1495241368,1973.840000000000,0.008900000000
1495241413,1974.720000000000,0.035800000000
1495241442,1974.720000000000,1.546900000000
1495241495,1973.510000000000,0.032400000000
1495241516,1974.560000000000,0.003000000000
1495241548,1974.130000000000,0.013000000000
1495241598,1975.120000000000,0.013400000000
1495241736,1975.110000000000,0.005100000000
1495241788,1975.120000000000,0.004200000000
1495241837,1975.120000000000,0.017400000000
1495241837,1975.110000000000,0.027300000000
1495241892,1975.120000000000,0.359400000000
1495241904,1975.120000000000,0.028600000000
1495241956,1975.120000000000,0.015600000000
1495241974,1975.120000000000,0.008900000000
1495242011,1974.120000000000,0.062500000000
1495242024,1974.120000000000,0.026800000000
1495242081,1974.880000000000,2.176900000000
1495242087,1975.120000000000,1.612300000000
1495242088,1975.120000000000,1.246900000000
1495242088,1975.120000000000,0.854700000000
1495242245,1975.120000000000,0.017900000000
1495242294,1975.120000000000,0.008900000000
1495242315,1975.010000000000,0.000400000000
1495242329,1975.120000000000,0.003800000000
1495242367,1975.120000000000,0.010700000000
1495242436,1975.120000000000,0.008900000000
1495242495,1975.120000000000,0.017900000000
1495242501,1975.120000000000,0.003000000000
1495242531,1975.120000000000,0.011600000000
1495242558,1975.120000000000,1.587100000000
1495242580,1975.120000000000,0.328600000000
1495242627,1974.750000000000,0.002700000000
1495242636,1975.120000000000,0.017900000000
1495242750,1975.120000000000,0.021000000000
1495242789,1975.120000000000,0.093800000000
1495242839,1975.120000000000,0.004200000000
1495242845,1975.120000000000,0.062600000000
1495242984,1975.120000000000,0.010300000000
1495243039,1975.120000000000,0.044700000000
1495243064,1975.120000000000,1.568000000000
1495243096,1975.120000000000,0.013400000000
1495243111,1975.120000000000,0.013000000000
1495243164,1975.120000000000,0.011200000000
1495243170,1975.120000000000,2.236000000000
1495243170,1975.120000000000,0.983300000000
1495243170,1975.120000000000,0.989200000000
1495243175,1975.120000000000,0.008900000000
1495243262,1975.120000000000,0.011800000000
1495243291,1975.120000000000,0.018700000000
1495243294,1975.120000000000,2.081500000000
1495243295,1975.120000000000,0.835600000000
1495243295,1975.120000000000,1.104500000000
1495243295,1975.120000000000,1.442600000000
1495243296,1975.120000000000,1.545700000000
1495243341,1975.500000000000,0.000300000000
1495243342,1976.910000000000,0.002700000000
1495243392,1976.570000000000,0.128700000000
1495243412,1976.920000000000,0.010300000000
1495243433,1976.920000000000,0.013400000000
1495243513,1977.000000000000,0.042900000000
1495243531,1976.990000000000,0.009800000000
1495243610,1976.990000000000,0.011200000000
1495243612,1976.990000000000,0.005500000000
1495243628,1976.990000000000,0.035700000000
1495243632,1976.990000000000,0.009400000000
1495243647,1976.990000000000,0.007200000000
1495243706,1976.500000000000,0.010300000000
1495243783,1976.570000000000,0.003000000000
1495243796,1976.570000000000,0.006400000000
1495243895,1977.030000000000,0.006400000000
1495243945,1975.780000000000,0.000300000000
1495243951,1975.650000000000,0.067600000000
1495243975,1976.050000000000,0.048300000000
1495243975,1976.040000000000,0.067600000000
1495244095,1976.050000000000,0.027700000000
1495244111,1976.050000000000,0.051300000000
1495244155,1976.810000000000,0.010300000000
1495244256,1978.290000000000,0.066900000000
1495244273,1978.290000000000,0.013400000000
1495244291,1978.290000000000,0.015300000000
1495244323,1978.670000000000,0.020500000000
1495244426,1977.880000000000,0.013400000000
1495244718,1977.750000000000,0.107000000000
1495244756,1977.750000000000,0.008900000000
1495244922,1976.300000000000,0.001000000000
1495244932,1977.860000000000,0.001000000000
1495244932,1977.870000000000,0.030200000000
1495244965,1978.880000000000,0.020100000000
1495245015,1978.880000000000,0.102500000000
1495245200,1978.930000000000,0.016900000000
1495245236,1979.950000000000,0.022300000000
1495245305,1979.390000000000,0.020000000000
1495245504,1980.000000000000,0.010200000000
1495245564,1979.930000000000,0.004200000000
1495245691,1980.000000000000,0.004200000000
1495245716,1980.000000000000,0.013400000000
1495245831,1980.000000000000,0.071700000000
1495245835,1980.000000000000,0.000500000000
1495245835,1980.960000000000,0.004600000000
1495245856,1980.960000000000,0.005100000000
1495245924,1979.510000000000,0.008900000000
1495246050,1979.230000000000,1.150000000000
1495246095,1979.020000000000,0.008900000000
1495246104,1980.250000000000,0.008900000000
1495246195,1979.870000000000,0.415200000000
1495246325,1979.030000000000,0.020000000000
1495246380,1979.340000000000,1.000000000000
1495246465,1980.660000000000,0.051200000000
1495246562,1978.900000000000,0.017800000000
1495246608,1978.900000000000,0.007200000000
1495246637,1980.400000000000,0.062300000000
1495246721,1979.010000000000,0.009300000000
1495246730,1978.080000000000,0.011200000000
1495246730,1978.090000000000,0.099000000000
1495246732,1977.570000000000,0.100000000000
1495246735,1978.090000000000,0.001000000000
1495246850,1977.850000000000,0.010200000000
1495246856,1977.220000000000,1.200000000000
1495246856,1977.250000000000,0.100000000000
1495246858,1976.960000000000,0.100000000000
1495246902,1976.570000000000,0.017600000000
1495246934,1975.770000000000,0.024200000000
1495246999,1976.760000000000,0.003400000000
1495247226,1975.670000000000,0.011100000000
1495247253,1975.660000000000,0.096600000000
1495247254,1975.670000000000,1.607000000000
1495247254,1975.660000000000,0.088900000000
1495247254,1975.670000000000,0.493000000000
1495247274,1975.400000000000,0.100000000000
1495247275,1976.540000000000,0.100000000000
1495247355,1975.230000000000,0.010200000000
1495247532,1976.730000000000,0.018300000000
1495247652,1976.870000000000,0.026700000000
1495247661,1975.160000000000,0.002800000000
1495247682,1976.710000000000,0.012900000000
1495247714,1976.710000000000,0.006300000000
1495247773,1976.240000000000,0.089100000000
1495247797,1975.560000000000,0.001300000000
1495248132,1975.890000000000,0.006100000000
1495248132,1975.880000000000,0.002800000000
1495248222,1976.400000000000,0.049000000000
1495248228,1974.660000000000,0.013000000000
1495248256,1976.140000000000,0.044600000000
1495248396,1976.250000000000,0.006400000000
1495248417,1976.250000000000,0.005500000000
1495248679,1976.420000000000,0.415500000000
1495248833,1976.860000000000,0.230900000000
1495248880,1976.990000000000,0.044600000000
1495248901,1976.990000000000,0.008900000000
1495248950,1977.260000000000,0.008900000000
1495248979,1977.260000000000,0.011100000000
1495249148,1978.970000000000,0.008900000000
1495249307,1981.680000000000,0.017800000000
1495249435,1981.040000000000,0.020000000000
1495249606,1982.580000000000,0.106700000000
1495249799,1982.580000000000,0.013300000000
1495249807,1982.580000000000,0.004200000000
1495249889,1982.530000000000,0.008900000000
1495249901,1982.530000000000,0.009300000000
1495249904,1982.530000000000,0.002100000000
1495249946,1982.530000000000,0.017800000000
1495249947,1980.850000000000,0.000200000000
1495250059,1980.930000000000,0.100000000000
1495250059,1980.930000000000,0.097200000000
1495250061,1980.930000000000,0.100000000000
1495250062,1980.930000000000,0.002800000000
1495250180,1981.830000000000,0.008900000000
1495250197,1982.090000000000,0.011100000000
1495250365,1981.100000000000,0.102300000000
1495250461,1980.640000000000,0.002000000000
1495250461,1980.640000000000,0.002000000000
1495250525,1980.960000000000,0.011100000000
1495250576,1980.660000000000,0.008900000000
1495250581,1979.120000000000,0.096000000000
1495250582,1979.120000000000,0.112000000000
1495250583,1979.080000000000,0.008900000000
1495250681,1980.110000000000,0.003000000000
1495250881,1981.260000000000,0.025800000000
1495250939,1981.260000000000,0.010200000000
1495250983,1980.160000000000,0.267200000000
1495251114,1979.280000000000,0.023600000000
1495251218,1978.420000000000,0.002600000000
1495251498,1976.940000000000,0.028300000000
1495251546,1977.080000000000,0.013400000000
1495251734,1974.720000000000,0.000100000000
1495251734,1975.970000000000,0.008900000000
1495251814,1976.070000000000,0.044900000000
1495251815,1975.910000000000,2.732900000000
1495251842,1977.030000000000,0.004200000000
1495252157,1977.780000000000,0.005500000000
1495252166,1977.830000000000,0.900000000000
1495252166,1978.060000000000,0.005500000000
1495252218,1977.840000000000,1.000000000000
1495252218,1977.830000000000,0.870000000000
1495252316,1976.470000000000,0.090300000000
1495252316,1976.470000000000,0.046200000000
1495252317,1976.610000000000,0.100000000000
1495252318,1976.610000000000,0.100000000000
1495252360,1974.660000000000,0.126000000000
1495252378,1974.180000000000,0.053800000000
1495252390,1974.470000000000,0.100000000000
1495252397,1974.460000000000,0.100000000000
1495252404,1973.670000000000,0.100000000000
1495252404,1973.670000000000,0.100000000000
1495252407,1973.670000000000,0.100000000000
1495252423,1972.200000000000,0.100000000000
1495252423,1973.360000000000,0.100000000000
1495252424,1974.660000000000,0.035600000000
1495252425,1973.050000000000,0.100000000000
1495252426,1973.050000000000,0.988800000000
1495252434,1972.460000000000,0.036100000000
1495252495,1974.300000000000,0.007200000000
1495252573,1974.680000000000,0.100000000000
1495252573,1974.670000000000,2.409200000000
1495252573,1974.670000000000,2.590800000000
1495252575,1973.720000000000,0.100000000000
1495252576,1973.720000000000,0.100000000000
1495252578,1973.720000000000,0.100000000000
1495252594,1973.970000000000,0.100000000000
1495252594,1973.710000000000,0.100000000000
1495252596,1974.650000000000,0.100000000000
1495252600,1974.650000000000,0.100000000000
1495252607,1974.660000000000,0.100000000000
1495252607,1974.660000000000,0.100000000000
1495252609,1974.190000000000,0.100000000000
1495252611,1974.190000000000,0.100000000000
1495252625,1974.180000000000,0.017800000000
1495252635,1974.180000000000,0.005500000000
1495252643,1974.180000000000,0.076700000000
1495252644,1974.180000000000,0.100000000000
1495252644,1974.620000000000,0.076700000000
1495252645,1974.620000000000,0.100000000000
1495252647,1974.620000000000,0.023300000000
1495252666,1974.040000000000,0.100000000000
1495252668,1974.040000000000,0.100000000000
1495252669,1974.040000000000,0.100000000000
1495252675,1975.280000000000,0.100000000000
1495252675,1975.280000000000,0.100000000000
1495252678,1975.280000000000,0.100000000000
1495252716,1975.300000000000,0.100000000000
1495252716,1975.300000000000,0.100000000000
1495252716,1975.290000000000,1.000000000000
1495252719,1975.110000000000,0.100000000000
1495252720,1975.110000000000,0.100000000000
1495252726,1975.100000000000,0.100000000000
1495252726,1975.100000000000,0.100000000000
1495252728,1975.780000000000,0.100000000000
1495252733,1975.100000000000,0.010700000000
1495252748,1975.600000000000,0.026700000000
1495252821,1973.500000000000,0.004000000000
1495252829,1975.090000000000,0.062600000000
1495252829,1975.100000000000,0.398000000000
1495252831,1975.210000000000,0.004000000000
1495252833,1975.210000000000,0.001000000000
1495252837,1975.140000000000,0.100000000000
1495252837,1975.140000000000,0.096000000000
1495252839,1975.140000000000,0.100000000000
1495252840,1975.140000000000,0.100000000000
1495252973,1976.380000000000,0.004200000000
1495253011,1976.670000000000,0.100000000000
1495253012,1976.670000000000,0.095800000000
1495253013,1976.670000000000,0.100000000000
1495253017,1976.670000000000,0.096000000000
1495253029,1976.680000000000,0.100000000000
1495253029,1976.680000000000,0.100000000000
1495253031,1976.080000000000,0.100000000000
1495253034,1976.080000000000,0.100000000000
1495253128,1976.280000000000,0.100000000000
1495253128,1976.280000000000,0.100000000000
1495253139,1975.770000000000,0.033400000000
1495253139,1976.290000000000,0.100000000000
1495253154,1975.760000000000,0.004200000000
1495253186,1975.760000000000,0.095800000000
1495253186,1975.760000000000,0.100000000000
1495253187,1976.090000000000,0.100000000000
1495253198,1976.100000000000,0.100000000000
1495253199,1975.640000000000,0.100000000000
1495253200,1975.640000000000,0.100000000000
1495253246,1976.870000000000,0.001700000000
1495253266,1976.870000000000,0.010200000000
1495253269,1976.870000000000,0.015600000000
1495253283,1975.780000000000,0.008900000000
1495253398,1976.950000000000,0.080100000000
1495253587,1976.960000000000,0.084500000000
1495253720,1976.640000000000,1.771100000000
1495253720,1976.640000000000,1.252900000000
1495253721,1976.240000000000,0.100000000000
1495253722,1976.240000000000,0.100000000000
1495253731,1976.850000000000,0.100000000000
1495253737,1976.510000000000,0.072500000000
1495253737,1976.510000000000,0.072500000000
1495253774,1978.610000000000,0.234900000000
1495253944,1977.900000000000,0.000100000000
1495253945,1977.910000000000,0.002800000000
1495253965,1977.910000000000,0.126000000000
1495254004,1978.900000000000,0.002400000000
1495254004,1978.900000000000,0.001300000000
1495254025,1979.180000000000,0.002800000000
1495254048,1979.550000000000,0.016000000000
1495254166,1979.180000000000,0.097200000000
1495254166,1979.200000000000,0.066000000000
1495254169,1978.910000000000,0.100000000000
1495254172,1978.910000000000,0.002800000000
1495254187,1977.450000000000,0.003200000000
1495254188,1977.450000000000,0.000100000000
1495254209,1979.040000000000,0.000100000000
1495254209,1979.040000000000,0.002800000000
1495254238,1979.130000000000,0.000100000000
1495254238,1979.130000000000,0.014700000000
1495254238,1979.130000000000,0.024400000000
1495254239,1979.130000000000,0.000100000000
1495254239,1979.130000000000,0.000100000000
1495254295,1978.900000000000,0.100000000000
1495254295,1978.900000000000,0.100000000000
1495254298,1979.110000000000,0.100000000000
1495254298,1979.110000000000,0.100000000000
1495254366,1979.040000000000,1.000000000000
1495254591,1977.490000000000,0.002800000000
1495254735,1977.540000000000,0.013400000000
1495254736,1977.540000000000,0.000100000000
1495254737,1977.540000000000,0.002300000000
1495254737,1977.540000000000,0.000100000000
1495254831,1979.090000000000,1.462200000000
1495254831,1978.860000000000,0.015900000000
1495254832,1978.900000000000,1.000000000000
1495254865,1978.010000000000,0.084100000000
1495254917,1977.370000000000,0.003500000000
1495254921,1977.820000000000,0.004200000000
1495254940,1978.720000000000,0.084100000000
1495254995,1979.550000000000,0.015600000000
1495255068,1978.740000000000,0.017200000000
1495255211,1979.550000000000,0.044500000000
1495255310,1977.980000000000,0.122000000000
1495255326,1977.890000000000,0.002800000000
1495255441,1979.550000000000,0.035600000000
1495255497,1978.100000000000,0.111300000000
1495256012,1972.840000000000,0.100000000000
1495256013,1972.740000000000,0.100000000000
1495256020,1972.740000000000,1.000000000000
1495256057,1972.650000000000,0.195800000000
1495256057,1972.640000000000,0.100000000000
1495256074,1972.730000000000,2.190900000000
1495256074,1972.730000000000,0.838100000000
1495256079,1972.690000000000,0.100000000000
1495256080,1972.730000000000,0.100000000000
1495256395,1976.960000000000,0.064100000000
1495256437,1976.590000000000,0.100000000000
1495256439,1976.270000000000,0.064100000000
1495256440,1976.270000000000,0.988800000000
1495256494,1975.660000000000,0.100000000000
1495256494,1975.670000000000,0.726500000000
1495256494,1975.660000000000,0.035900000000
1495256494,1975.670000000000,1.540300000000
1495256563,1975.540000000000,0.064100000000
1495256564,1975.650000000000,0.028300000000
1495256564,1975.540000000000,0.100000000000
1495256564,1975.650000000000,1.591000000000
1495256564,1975.650000000000,1.411700000000
1495256603,1975.850000000000,0.100000000000
1495256603,1975.850000000000,0.100000000000
1495256609,1975.200000000000,0.100000000000
1495256629,1975.560000000000,1.100000000000
1495256642,1973.250000000000,0.089100000000
1495256715,1973.640000000000,0.000100000000
1495256736,1975.290000000000,0.089200000000
1495257026,1974.580000000000,0.089200000000
1495257034,1974.710000000000,0.100000000000
1495257036,1974.710000000000,0.100000000000
1495257241,1974.990000000000,0.035600000000
1495257286,1974.990000000000,0.010200000000
1495257314,1973.860000000000,0.001800000000
1495257400,1975.000000000000,0.015600000000
1495257420,1975.000000000000,1.236400000000
1495257428,1975.000000000000,2.099700000000
1495257428,1975.000000000000,1.081900000000
1495257450,1975.000000000000,0.566400000000
1495257543,1976.710000000000,0.126000000000
1495257544,1975.860000000000,0.045800000000
1495257574,1973.890000000000,0.000200000000
1495257616,1973.930000000000,0.154100000000
1495257642,1975.580000000000,1.821800000000
1495257642,1975.590000000000,0.099800000000
1495257642,1975.580000000000,1.658200000000
1495257650,1975.640000000000,0.100000000000
1495257664,1974.890000000000,0.012800000000
1495257682,1975.670000000000,0.054200000000
1495257684,1975.850000000000,0.100000000000
1495257688,1975.310000000000,0.045800000000
1495257798,1976.950000000000,0.075500000000
1495257862,1977.000000000000,0.005500000000
1495257930,1976.820000000000,0.008900000000
1495258170,1973.970000000000,0.091100000000
1495258174,1973.970000000000,0.100000000000
1495258176,1973.470000000000,0.100000000000
1495258179,1973.470000000000,0.100000000000
1495258216,1972.710000000000,0.001800000000
1495258247,1974.560000000000,0.053500000000
1495258281,1973.150000000000,0.046500000000
1495258284,1973.150000000000,0.100000000000
1495258435,1974.510000000000,0.008900000000
1495258593,1975.000000000000,1.710100000000
1495258594,1975.000000000000,0.938500000000
1495258594,1975.000000000000,0.976000000000
1495258595,1975.000000000000,0.847300000000
1495258596,1975.000000000000,0.528100000000
1495258662,1976.620000000000,0.100000000000
1495258665,1976.620000000000,0.100000000000
1495258812,1977.070000000000,0.000500000000
1495258945,1978.170000000000,0.013400000000
1495258951,1978.800000000000,0.000500000000
1495258953,1978.800000000000,0.399500000000
1495258957,1977.980000000000,0.099500000000
1495258959,1977.980000000000,0.100000000000
1495258964,1978.810000000000,0.000500000000
1495258999,1977.950000000000,0.200000000000
1495259002,1978.410000000000,0.100000000000
1495259004,1978.420000000000,0.100000000000
1495259018,1978.810000000000,0.100000000000
1495259018,1978.810000000000,1.000000000000
1495259018,1978.800000000000,2.126000000000
1495259019,1978.180000000000,2.897400000000
1495259019,1978.820000000000,0.129600000000
1495259020,1978.810000000000,0.100000000000
1495259043,1978.460000000000,0.100000000000
1495259043,1978.460000000000,0.100000000000
1495259063,1979.550000000000,0.199500000000
1495259120,1980.740000000000,0.111200000000
1495259125,1979.560000000000,0.100000000000
1495259125,1979.550000000000,0.160500000000
1495259151,1980.990000000000,0.003400000000
1495259265,1980.710000000000,0.002800000000
1495259484,1981.340000000000,0.100000000000
1495259485,1981.340000000000,0.096600000000
1495259487,1981.870000000000,1.091400000000
1495259488,1981.340000000000,0.100000000000
1495259563,1981.820000000000,2.177900000000
1495259564,1981.820000000000,0.843100000000
1495259580,1981.000000000000,2.158100000000
1495259580,1981.000000000000,1.697400000000
1495259581,1981.000000000000,1.139000000000
1495259662,1983.210000000000,0.029600000000
1495259777,1982.640000000000,0.004200000000
1495259803,1983.410000000000,0.027500000000
1495259927,1983.420000000000,0.011100000000
1495260079,1983.820000000000,0.000800000000
1495260101,1984.400000000000,0.004200000000
1495260200,1984.400000000000,0.165100000000
1495260210,1984.400000000000,0.001700000000
1495260646,1984.000000000000,0.000100000000
1495260698,1984.990000000000,0.008200000000
1495260727,1984.000000000000,0.015300000000
1495260805,1984.760000000000,0.044400000000
1495260839,1984.430000000000,0.004200000000
1495260853,1984.430000000000,2.199300000000
1495260854,1984.430000000000,0.296500000000
1495260867,1985.000000000000,0.004200000000
1495260867,1985.000000000000,3.016000000000
1495260867,1985.000000000000,5.000000000000
1495260868,1988.990000000000,1.000000000000
1495260868,1989.300000000000,17.955500000000
1495260868,1990.000000000000,2.613200000000
1495260868,1986.300000000000,2.052200000000
1495260869,1990.000000000000,2.148300000000
1495260869,1990.000000000000,1.695100000000
1495260869,1990.000000000000,2.852300000000
1495260869,1990.000000000000,2.065400000000
1495260869,1990.000000000000,2.018300000000
1495260869,1990.000000000000,2.251600000000
1495260870,1990.000000000000,2.581300000000
1495260870,1990.000000000000,1.722600000000
1495260870,1990.000000000000,2.092900000000
1495260870,1990.000000000000,2.545300000000
1495260871,1990.000000000000,2.132100000000
1495260871,1990.000000000000,1.802600000000
1495260871,1990.000000000000,1.623900000000
1495260871,1990.000000000000,1.962800000000
1495260871,1990.000000000000,2.076800000000
1495260872,1990.000000000000,1.561300000000
1495260872,1990.000000000000,1.679800000000
1495260872,1990.000000000000,2.817800000000
1495260872,1990.000000000000,1.000000000000
1495260873,1990.000000000000,1.922800000000
1495260873,1990.000000000000,1.674000000000
1495260873,1990.000000000000,1.748100000000
1495260874,1990.000000000000,2.194700000000
1495260874,1990.000000000000,2.465300000000
1495260874,1990.000000000000,2.405400000000
1495260874,1990.000000000000,2.409900000000
1495260874,1990.000000000000,1.815200000000
1495260883,1990.010000000000,0.000100000000
1495260908,1990.010000000000,0.608400000000
1495260908,1990.030000000000,0.099900000000
1495260908,1990.010000000000,2.409600000000
1495260908,1990.020000000000,1.900000000000
1495260909,1990.000000000000,0.164800000000
1495260958,1990.760000000000,2.128700000000
1495260958,1990.600000000000,0.100000000000
1495260958,1990.740000000000,3.016000000000
1495260959,1992.000000000000,2.592200000000
1495260959,1992.000000000000,2.545300000000
1495260959,1992.000000000000,1.698200000000
1495260959,1992.000000000000,1.464500000000
1495260959,1992.000000000000,2.629700000000
1495260959,1992.000000000000,1.359300000000
1495260960,1992.000000000000,1.756600000000
1495260960,1992.000000000000,2.518300000000
1495260960,1992.000000000000,1.999600000000
1495260961,1992.000000000000,1.479900000000
1495260961,1992.000000000000,1.486000000000
1495260961,1992.000000000000,2.202900000000
1495260961,1992.000000000000,1.229900000000
1495261007,1992.070000000000,3.015000000000
1495261008,1992.080000000000,1.196400000000
1495261008,1993.560000000000,0.000300000000
1495261008,1995.000000000000,0.250000000000
1495261008,1995.000000000000,1.942300000000
1495261008,1995.000000000000,2.074900000000
1495261009,1995.000000000000,2.079900000000
1495261009,1995.000000000000,1.920600000000
1495261009,1995.000000000000,1.394300000000
1495261009,1995.000000000000,2.243400000000
1495261009,1995.000000000000,2.630200000000
1495261009,1995.000000000000,1.427100000000
1495261010,1995.000000000000,2.530600000000
1495261010,1995.000000000000,2.320200000000
1495261010,1995.000000000000,2.514900000000
1495261011,1995.000000000000,1.368800000000
1495261011,1995.000000000000,1.915200000000
1495261012,1995.000000000000,1.199200000000
1495261012,1995.000000000000,2.522000000000
1495261012,1995.000000000000,1.987100000000
1495261012,1995.000000000000,2.193400000000
1495261013,1995.000000000000,1.750200000000
1495261013,1995.000000000000,1.801400000000
1495261014,1995.000000000000,2.314700000000
1495261014,1995.000000000000,1.267900000000
1495261014,1995.000000000000,2.039700000000
1495261015,1995.010000000000,0.100000000000
1495261015,1995.000000000000,2.184300000000
1495261015,1995.000000000000,2.084200000000
1495261015,1995.000000000000,2.370300000000
1495261015,1995.000000000000,2.048000000000
1495261015,1995.010000000000,0.100000000000
1495261015,1995.000000000000,1.703000000000
1495261016,1995.000000000000,1.756900000000
1495261016,1995.000000000000,1.455200000000
1495261016,1995.000000000000,1.247600000000
1495261016,1995.000000000000,1.117600000000
1495261017,1995.000000000000,1.504000000000
1495261018,1995.010000000000,0.100000000000
1495261018,1995.010000000000,0.100000000000
1495261018,1995.000000000000,0.884500000000
1495261018,1995.000000000000,1.679000000000
1495261018,1995.000000000000,1.315200000000
1495261019,1995.000000000000,2.061600000000
1495261019,1995.000000000000,1.470600000000
1495261019,1995.000000000000,1.295600000000
1495261047,1995.000000000000,1.169300000000
1495261047,1995.000000000000,1.838300000000
1495261048,1995.000000000000,1.469800000000
1495261048,1995.000000000000,1.019900000000
1495261049,1995.000000000000,1.538300000000
1495261049,1995.000000000000,1.753000000000
1495261076,1995.000000000000,1.015300000000
1495261077,1995.000000000000,0.897800000000
1495261099,1995.000000000000,1.776400000000
1495261113,1995.000000000000,0.000300000000
1495261125,1994.980000000000,1.683200000000
1495261125,1994.970000000000,3.404000000000
1495261125,1994.980000000000,0.099000000000
1495261126,1994.980000000000,0.099000000000
1495261126,1994.980000000000,0.099000000000
1495261127,1994.980000000000,0.099000000000
1495261128,1994.980000000000,0.099000000000
1495261128,1996.530000000000,0.050000000000
1495261128,1995.880000000000,8.000000000000
1495261129,1997.970000000000,10.794000000000
1495261129,2000.000000000000,0.600000000000
1495261129,2000.000000000000,0.100000000000
1495261129,2000.000000000000,0.298300000000
1495261130,2000.000000000000,1.794500000000
1495261130,2000.000000000000,2.123200000000
1495261130,2000.000000000000,10.533200000000
1495261130,2000.000000000000,1.152800000000
1495261131,2000.000000000000,1.788900000000
1495261131,2000.000000000000,10.363800000000
1495261131,2000.000000000000,1.444800000000
1495261131,2000.000000000000,1.467600000000
1495261131,2000.000000000000,10.332200000000
1495261131,2000.000000000000,0.947100000000
1495261132,2000.000000000000,0.504800000000
1495261132,2000.000000000000,1.703400000000
1495261132,2000.000000000000,0.732500000000
1495261132,2000.000000000000,0.788800000000
1495261133,2000.000000000000,1.051600000000
1495261133,2000.000000000000,1.857000000000
1495261133,2000.000000000000,1.767900000000
1495261134,2000.000000000000,0.895900000000
1495261134,2000.000000000000,1.941800000000
1495261134,2000.000000000000,1.201300000000
1495261134,2000.000000000000,1.648500000000
1495261134,2000.000000000000,0.874700000000
1495261135,2000.000000000000,0.799300000000
1495261135,2000.000000000000,1.165100000000
1495261135,2000.000000000000,1.418800000000
1495261135,2000.000000000000,0.744600000000
1495261136,2000.000000000000,0.100000000000
1495261136,2000.000000000000,1.626200000000
1495261136,2000.000000000000,0.100000000000
1495261137,2000.000000000000,1.281600000000
1495261137,2000.000000000000,0.558300000000
1495261137,2000.000000000000,0.661400000000
1495261137,2000.000000000000,1.155400000000
1495261138,2000.000000000000,0.392000000000
1495261138,2000.000000000000,0.976300000000
1495261138,2000.000000000000,1.854400000000
1495261138,2000.000000000000,1.027600000000
1495261138,2000.000000000000,0.197000000000
1495261139,2000.000000000000,0.718300000000
1495261139,2000.000000000000,1.373700000000
1495261139,2000.000000000000,1.799500000000
1495261139,2000.000000000000,0.433300000000
1495261140,2000.000000000000,0.851000000000
1495261140,2000.000000000000,0.942800000000
1495261140,2000.000000000000,0.594500000000
1495261140,2000.000000000000,0.997400000000
1495261141,2000.000000000000,0.729300000000
1495261141,2000.000000000000,0.363400000000
1495261141,2000.000000000000,0.500400000000
1495261141,2000.000000000000,0.688900000000
1495261141,2000.000000000000,0.420200000000
1495261142,2000.000000000000,1.608500000000
1495261142,2000.000000000000,0.398600000000
1495261142,2000.000000000000,1.011800000000
1495261142,2000.000000000000,0.512000000000
1495261142,2000.000000000000,0.410100000000
1495261143,2000.000000000000,0.100000000000
1495261144,2000.000000000000,0.197000000000
1495261146,2000.000000000000,0.100000000000
1495261170,2000.000000000000,1.593900000000
1495261170,2000.000000000000,1.219000000000
1495261171,2000.000000000000,0.573800000000
1495261172,2000.000000000000,1.672300000000
1495261172,2000.000000000000,1.189600000000
1495261180,2000.000000000000,0.099000000000
1495261211,1998.990000000000,0.001800000000
1495261212,1998.990000000000,0.605000000000
1495261212,1998.990000000000,0.003600000000
1495261331,1997.260000000000,0.000100000000
1495261383,1994.630000000000,2.128000000000
1495261590,1995.740000000000,0.500000000000
1495261590,1995.740000000000,0.099000000000
1495261591,1995.740000000000,0.099000000000
1495261591,1995.740000000000,0.130000000000
1495261591,1995.740000000000,0.099000000000
1495261591,1995.740000000000,0.099000000000
1495261591,1995.740000000000,0.099000000000
1495261591,1995.740000000000,0.128000000000
1495261719,1996.410000000000,0.060000000000
1495261719,1996.410000000000,0.050000000000
1495261820,1997.780000000000,2.508700000000
1495261821,1997.780000000000,0.100000000000
1495261821,1997.780000000000,1.738300000000
1495262016,1999.480000000000,3.051300000000
1495262067,1999.410000000000,0.020800000000
1495262122,1999.390000000000,3.010000000000
1495262122,1999.400000000000,0.099000000000
1495262122,1999.400000000000,0.129000000000
1495262587,1998.860000000000,0.501200000000
1495262615,1998.860000000000,0.501200000000
1495262647,1998.860000000000,0.501200000000
1495262714,1998.340000000000,0.100000000000
1495262714,1998.340000000000,0.100000000000
1495262715,1998.330000000000,0.068600000000
1495262989,1999.740000000000,2.751100000000
1495263144,1999.730000000000,0.099000000000
1495263144,1999.730000000000,0.130000000000
1495263144,1999.730000000000,0.099000000000
1495263144,1999.730000000000,0.131000000000
1495263144,1999.730000000000,0.129000000000
1495263145,1999.730000000000,0.100000000000
1495263145,1999.730000000000,0.128000000000
1495263145,1999.730000000000,0.099000000000
1495263145,1999.730000000000,0.099000000000
1495263265,1999.510000000000,0.129000000000
1495263265,1999.510000000000,0.100000000000
1495263265,1999.510000000000,0.131000000000
1495263265,1999.510000000000,0.099000000000
1495263265,1999.510000000000,0.100000000000
1495263266,1999.510000000000,0.099000000000
1495263266,1999.510000000000,0.130000000000
1495263266,1999.510000000000,0.100000000000
1495263266,1999.510000000000,0.130000000000
1495263356,1999.290000000000,0.101700000000
1495263372,1999.820000000000,0.118000000000
1495263372,1999.820000000000,1.000000000000
1495263373,1999.820000000000,0.100000000000
1495263373,1999.820000000000,0.100000000000
1495263373,1999.820000000000,0.100000000000
1495263373,1999.820000000000,0.100000000000
1495263373,1999.820000000000,0.100000000000
1495263433,1999.590000000000,0.100000000000
1495263434,1999.590000000000,0.101000000000
1495263491,1999.950000000000,0.100000000000
1495263492,1999.950000000000,0.100000000000
1495263580,1999.610000000000,0.001000000000
1495263854,2000.000000000000,0.210000000000
1495263880,1998.600000000000,0.000100000000
1495264044,1999.280000000000,0.100000000000
1495264048,1999.280000000000,0.100000000000
1495264196,1998.690000000000,0.501300000000
1495264199,1998.930000000000,0.000100000000
1495264223,1998.940000000000,0.501200000000
1495264265,1998.820000000000,0.501400000000
1495264322,1998.830000000000,0.000800000000
1495264383,1997.580000000000,0.005400000000
1495264433,1996.000000000000,0.009700000000
1495264433,1996.000000000000,0.490300000000
1495264434,1995.930000000000,1.009700000000
1495264434,1995.940000000000,0.005200000000
1495264463,1995.940000000000,0.005300000000
1495264518,1995.550000000000,2.138000000000
1495264545,1996.620000000000,0.490900000000
1495264567,1995.370000000000,0.130000000000
1495264567,1995.360000000000,0.006200000000
1495264567,1995.370000000000,1.657000000000
1495264568,1995.370000000000,0.100000000000
1495264581,1995.370000000000,0.100000000000
1495264581,1995.370000000000,0.100000000000
1495264581,1995.370000000000,0.130000000000
1495264581,1995.370000000000,0.100000000000
1495264582,1995.370000000000,0.549000000000
1495264582,1995.370000000000,0.100000000000
1495264582,1995.370000000000,0.101000000000
1495264582,1995.370000000000,0.491300000000
1495264582,1995.370000000000,0.133000000000
1495264582,1995.370000000000,0.131000000000
1495264645,1995.920000000000,0.326000000000
1495264645,1995.920000000000,0.100000000000
1495264647,1995.920000000000,0.064900000000
1495264654,1994.910000000000,0.099200000000
1495264708,1993.490000000000,2.000000000000
1495264815,1993.290000000000,0.010700000000
1495264899,1992.860000000000,0.000100000000
1495265099,1993.110000000000,0.010700000000
1495265127,1993.190000000000,0.101000000000
1495265127,1993.190000000000,0.101000000000
1495265127,1993.190000000000,0.100000000000
1495265127,1993.190000000000,0.100000000000
1495265127,1993.190000000000,0.132000000000
1495265127,1993.190000000000,0.132000000000
1495265128,1993.190000000000,0.101000000000
1495265128,1993.190000000000,0.131000000000
1495265128,1993.190000000000,0.483000000000
1495265128,1993.190000000000,0.134000000000
1495265129,1993.230000000000,0.099300000000
1495265226,1994.130000000000,0.133000000000
1495265226,1994.130000000000,0.092000000000
1495265226,1994.130000000000,0.101000000000
1495265226,1994.130000000000,0.488000000000
1495265226,1994.130000000000,0.101000000000
1495265228,1994.430000000000,0.180000000000
1495265233,1994.430000000000,0.200000000000
1495265260,1994.770000000000,0.101000000000
1495265261,1994.780000000000,0.101000000000
1495265261,1994.780000000000,0.101000000000
1495265261,1994.780000000000,0.101000000000
1495265261,1994.770000000000,0.101000000000
1495265361,1994.260000000000,0.101000000000
1495265362,1994.260000000000,0.133000000000
1495265362,1994.260000000000,0.101000000000
1495265362,1994.260000000000,0.133000000000
1495265362,1994.260000000000,0.134000000000
1495265362,1994.260000000000,0.101000000000
1495265362,1994.260000000000,0.101000000000
1495265362,1994.260000000000,0.101000000000
1495265363,1994.860000000000,1.857400000000
1495265363,1994.260000000000,0.508000000000
1495265364,1994.730000000000,0.200000000000
1495265423,1995.830000000000,0.497000000000
1495265483,1995.840000000000,0.099900000000
1495265483,1995.780000000000,1.497600000000
1495265484,1995.780000000000,1.502400000000
1495265485,1995.430000000000,0.100000000000
1495265485,1995.430000000000,0.034100000000
1495265496,1995.610000000000,0.060500000000
1495265500,1995.610000000000,0.100000000000
1495265541,1995.600000000000,0.101000000000
1495265541,1995.590000000000,0.100000000000
1495265541,1995.590000000000,0.101000000000
1495265541,1995.600000000000,0.101000000000
1495265541,1995.590000000000,0.100000000000
1495265543,1996.450000000000,0.101000000000
1495265543,1996.450000000000,0.062000000000
1495265543,1996.450000000000,0.501000000000
1495265590,1994.490000000000,2.162000000000
1495265612,1994.700000000000,2.174000000000
1495265785,1993.910000000000,0.000900000000
1495265785,1993.920000000000,0.005500000000
1495265859,1994.680000000000,0.100000000000
1495265860,1994.690000000000,0.504000000000
1495265860,1994.690000000000,0.102000000000
1495265860,1994.690000000000,0.131000000000
1495265861,1994.690000000000,0.134000000000
1495265861,1994.690000000000,0.101000000000
1495265861,1994.970000000000,0.916300000000
1495265914,1994.650000000000,0.100000000000
1495265915,1994.740000000000,0.100000000000
1495265915,1994.650000000000,0.102000000000
1495265915,1994.650000000000,0.102000000000
1495265915,1994.650000000000,0.053000000000
1495265934,1994.150000000000,0.002600000000
1495266241,1994.480000000000,0.500000000000
1495266241,1994.480000000000,0.134000000000
1495266241,1994.480000000000,0.102000000000
1495266242,1994.480000000000,0.102000000000
1495266242,1994.480000000000,0.102000000000
1495266242,1994.480000000000,0.132000000000
1495266242,1994.480000000000,0.102000000000
1495266242,1994.480000000000,0.135000000000
1495266242,1994.480000000000,0.101000000000
1495266242,1994.480000000000,0.133000000000
1495266343,1994.280000000000,0.003400000000
1495266344,1994.280000000000,0.009600000000
1495266758,1994.890000000000,0.102000000000
1495266758,1994.890000000000,0.135000000000
1495266758,1994.890000000000,0.069000000000
1495266758,1994.890000000000,0.102000000000
1495266759,1995.030000000000,1.855100000000
1495266759,1994.890000000000,0.502000000000
1495266759,1995.030000000000,2.710900000000
1495266759,1994.890000000000,0.102000000000
1495266759,1994.890000000000,0.102000000000
1495266759,1994.890000000000,0.061000000000
1495266760,1995.030000000000,0.534000000000
1495266763,1995.040000000000,1.680800000000
1495267093,1996.490000000000,0.400000000000
1495267093,1996.060000000000,1.498900000000
1495267094,1996.490000000000,0.101100000000
1495267538,1995.980000000000,0.013000000000
1495267539,1995.980000000000,0.102000000000
1495267539,1995.980000000000,0.134000000000
1495267539,1995.980000000000,0.102000000000
1495267540,1995.980000000000,0.509000000000
