1505384853,3752.520000000000,1.345800000000
1505384856,3752.520000000000,0.500000000000
1505384864,3752.670000000000,0.000100000000
1505384883,3747.150000000000,1.621600000000
1505384883,3748.890000000000,1.000000000000
1505384884,3745.800000000000,2.378400000000
1505384896,3743.890000000000,1.995600000000
1505384896,3740.000000000000,0.408100000000
1505384896,3740.000000000000,1.000000000000
1505384897,3739.900000000000,1.596300000000
1505384906,3738.860000000000,2.526300000000
1505384907,3736.000000000000,2.473700000000
1505384915,3738.450000000000,0.491800000000
1505384917,3738.220000000000,0.016700000000
1505384918,3738.220000000000,1.407400000000
1505384919,3734.460000000000,0.592600000000
1505384998,3733.040000000000,0.003400000000
1505385207,3723.990000000000,2.069700000000
1505385208,3723.990000000000,1.330300000000
1505385246,3725.200000000000,0.264700000000
1505385246,3724.990000000000,0.100000000000
1505385329,3726.150000000000,2.135700000000
1505385330,3721.100000000000,0.025000000000
1505385330,3720.180000000000,0.238600000000
1505385330,3720.510000000000,2.600600000000
1505385334,3727.790000000000,0.068800000000
1505385363,3722.600000000000,0.000100000000
1505385403,3735.080000000000,0.068900000000
1505385426,3736.770000000000,3.840900000000
1505385427,3736.770000000000,2.158300000000
1505385427,3736.770000000000,1.159100000000
1505385432,3747.800000000000,0.031300000000
1505385436,3738.970000000000,0.083200000000
1505385448,3741.570000000000,0.000100000000
1505385457,3744.000000000000,3.428300000000
1505385458,3744.000000000000,1.571700000000
1505385466,3743.710000000000,0.009300000000
1505385474,3743.700000000000,1.855500000000
1505385474,3743.700000000000,3.144500000000
1505385477,3743.340000000000,0.026600000000
1505385477,3743.340000000000,0.000100000000
1505385486,3742.850000000000,0.937500000000
1505385488,3745.000000000000,1.855500000000
1505385548,3730.000000000000,1.050000000000
1505385566,3730.000000000000,3.246800000000
1505385567,3728.000000000000,3.165100000000
1505385567,3728.000000000000,0.903300000000
1505385567,3730.000000000000,1.753200000000
1505385593,3729.710000000000,2.101800000000
1505385594,3725.000000000000,2.898100000000
1505385600,3728.240000000000,0.292600000000
1505385600,3728.240000000000,1.000000000000
1505385603,3725.010000000000,0.104600000000
1505385603,3727.990000000000,1.821100000000
1505385604,3725.000000000000,1.781500000000
1505385612,3725.010000000000,0.000200000000
1505385616,3725.010000000000,0.104400000000
1505385616,3725.000000000000,0.423500000000
1505385622,3725.010000000000,0.104600000000
1505385623,3725.000000000000,4.367400000000
1505385630,3725.000000000000,0.096300000000
1505385631,3725.000000000000,2.070000000000
1505385632,3725.000000000000,0.058000000000
1505385636,3726.340000000000,0.000100000000
1505385653,3725.890000000000,2.624300000000
1505385653,3725.000000000000,2.375600000000
1505385685,3725.000000000000,3.600100000000
1505385690,3725.260000000000,0.010500000000
1505385690,3725.010000000000,0.000100000000
1505385692,3725.260000000000,3.031700000000
1505385693,3725.260000000000,0.175700000000
1505385693,3727.180000000000,1.781700000000
1505385714,3727.220000000000,0.000300000000
1505385714,3725.000000000000,2.949600000000
1505385720,3727.230000000000,1.000000000000
1505385721,3730.950000000000,0.017000000000
1505385727,3743.640000000000,0.034400000000
1505385751,3729.880000000000,0.009200000000
1505385751,3729.880000000000,0.091700000000
1505385753,3729.880000000000,0.003400000000
1505385753,3729.880000000000,0.247900000000
1505385755,3729.870000000000,0.000100000000
1505385755,3729.880000000000,0.006800000000
1505385757,3729.430000000000,0.359400000000
1505385758,3729.430000000000,0.247700000000
1505385758,3729.430000000000,0.165400000000
1505385760,3729.420000000000,0.000200000000
1505385782,3725.720000000000,0.051600000000
1505385794,3725.320000000000,0.363400000000
1505385833,3726.480000000000,2.259800000000
1505385834,3728.450000000000,0.564500000000
1505385835,3727.170000000000,0.072300000000
1505385835,3727.170000000000,0.219100000000
1505385846,3727.430000000000,0.000200000000
1505385852,3732.010000000000,1.331900000000
1505385852,3726.310000000000,2.812000000000
1505385865,3727.460000000000,1.722100000000
1505385865,3726.010000000000,2.208800000000
1505385866,3726.010000000000,1.069100000000
1505385871,3725.000000000000,2.344300000000
1505385871,3726.000000000000,0.050000000000
1505385878,3725.100000000000,0.135900000000
1505385879,3730.160000000000,0.014000000000
1505385879,3725.000000000000,3.087800000000
1505385879,3725.090000000000,0.000100000000
1505385880,3725.000000000000,2.356900000000
1505385880,3725.000000000000,2.982400000000
1505385881,3725.230000000000,0.037300000000
1505385881,3725.230000000000,0.227700000000
1505385885,3725.000000000000,4.999800000000
1505385885,3725.220000000000,0.000200000000
1505385889,3726.040000000000,0.651400000000
1505385889,3726.040000000000,0.027000000000
1505385900,3726.450000000000,0.000200000000
1505385904,3725.000000000000,2.608700000000
1505385942,3720.000000000000,1.790300000000
1505385942,3720.800000000000,2.689400000000
1505385954,3720.150000000000,1.756600000000
1505385961,3719.380000000000,0.000100000000
1505385968,3720.000000000000,0.106100000000
1505385970,3722.240000000000,0.003100000000
1505385997,3720.000000000000,0.880700000000
1505385998,3720.000000000000,0.070000000000
1505385999,3720.000000000000,0.909900000000
1505386002,3719.000000000000,0.206900000000
1505386003,3719.000000000000,0.145200000000
1505386003,3719.000000000000,0.120600000000
1505386005,3720.000000000000,0.000300000000
1505386024,3721.260000000000,0.008600000000
1505386093,3720.000000000000,0.951600000000
1505386093,3720.000000000000,3.138200000000
1505386093,3718.000000000000,2.430300000000
1505386094,3718.000000000000,2.568900000000
1505386108,3720.000000000000,2.878100000000
1505386108,3719.560000000000,2.121500000000
1505386113,3716.640000000000,0.185000000000
1505386122,3718.770000000000,2.990700000000
1505386123,3720.000000000000,2.008900000000
1505386148,3713.460000000000,0.160600000000
1505386161,3706.040000000000,0.001000000000
1505386161,3702.450000000000,4.172400000000
1505386162,3700.000000000000,0.326500000000
1505386162,3700.050000000000,0.500000000000
1505386167,3707.730000000000,3.018200000000
1505386167,3702.400000000000,1.981700000000
1505386171,3707.070000000000,1.981700000000
1505386174,3706.480000000000,0.000100000000
1505386175,3709.480000000000,0.017100000000
1505386179,3700.000000000000,0.673500000000
1505386180,3700.000000000000,0.100000000000
1505386180,3700.000000000000,0.680000000000
1505386181,3700.000000000000,0.100000000000
1505386181,3695.900000000000,2.618500000000
1505386181,3695.900000000000,0.828000000000
1505386186,3700.000000000000,0.160600000000
1505386225,3696.320000000000,4.839400000000
1505386231,3696.320000000000,0.160500000000
1505386261,3699.460000000000,1.620000000000
1505386262,3699.460000000000,2.913600000000
1505386263,3699.460000000000,1.266400000000
1505386265,3701.800000000000,1.303700000000
1505386267,3701.600000000000,0.052500000000
1505386283,3706.740000000000,0.007700000000
1505386351,3722.650000000000,0.026400000000
1505386358,3722.580000000000,0.006900000000
1505386385,3726.900000000000,0.021800000000
1505386396,3726.890000000000,2.926000000000
1505386411,3728.240000000000,2.119800000000
1505386415,3728.680000000000,0.031200000000
1505386427,3730.500000000000,3.000000000000
1505386438,3734.230000000000,2.909600000000
1505386439,3728.390000000000,0.090400000000
1505386451,3739.030000000000,2.026700000000
1505386470,3744.140000000000,0.037400000000
1505386472,3744.140000000000,0.069000000000
1505386484,3744.170000000000,0.069000000000
1505386496,3745.460000000000,0.009300000000
1505386510,3751.360000000000,0.044600000000
1505386519,3751.600000000000,0.003900000000
1505386519,3746.460000000000,2.159600000000
1505386520,3746.460000000000,2.730600000000
1505386551,3748.000000000000,0.510000000000
1505386552,3748.000000000000,0.093100000000
1505386553,3748.000000000000,0.150300000000
1505386553,3748.000000000000,1.133300000000
1505386554,3748.000000000000,0.300000000000
1505386600,3745.420000000000,1.400000000000
1505386614,3734.280000000000,0.825900000000
1505386614,3739.400000000000,1.670200000000
1505386643,3731.350000000000,0.201500000000
1505386643,3737.070000000000,1.798500000000
1505386682,3739.380000000000,0.100000000000
1505386682,3739.540000000000,1.863600000000
1505386683,3733.570000000000,0.036400000000
1505386691,3742.620000000000,0.019600000000
1505386700,3739.160000000000,2.000000000000
1505386712,3739.160000000000,0.891000000000
1505386713,3733.570000000000,1.109000000000
1505386726,3730.310000000000,2.000000000000
1505386731,3733.040000000000,0.100000000000
1505386733,3737.420000000000,0.100000000000
1505386745,3733.540000000000,0.015600000000
1505386746,3730.900000000000,1.980000000000
1505386774,3731.310000000000,2.713400000000
1505386795,3732.000000000000,2.052700000000
1505386796,3732.000000000000,3.153300000000
1505386797,3732.000000000000,2.080600000000
1505386901,3738.680000000000,0.200000000000
1505386919,3739.610000000000,0.034400000000
1505386920,3739.650000000000,0.034400000000
1505386980,3740.900000000000,0.013100000000
1505387012,3736.000000000000,0.015000000000
1505387021,3734.860000000000,0.004400000000
1505387032,3730.000000000000,0.015000000000
1505387063,3721.000000000000,0.025000000000
1505387107,3714.000000000000,0.025000000000
1505387143,3705.010000000000,0.408100000000
1505387144,3705.010000000000,0.073000000000
1505387146,3705.010000000000,0.020600000000
1505387147,3705.010000000000,0.027300000000
1505387148,3705.010000000000,0.370100000000
1505387149,3705.010000000000,0.295600000000
1505387154,3705.040000000000,0.000200000000
1505387163,3705.000000000000,0.050000000000
1505387197,3704.400000000000,0.186600000000
1505387202,3704.390000000000,0.000100000000
1505387216,3701.550000000000,0.100000000000
1505387223,3701.550000000000,0.100000000000
1505387224,3701.550000000000,0.050000000000
1505387230,3701.550000000000,0.100000000000
1505387236,3704.320000000000,1.127800000000
1505387239,3701.550000000000,1.660400000000
1505387248,3702.060000000000,0.192800000000
1505387248,3701.550000000000,0.339600000000
1505387249,3702.060000000000,1.885700000000
1505387253,3701.690000000000,0.000100000000
1505387254,3701.230000000000,0.611000000000
1505387271,3691.030000000000,3.345600000000
1505387271,3696.600000000000,1.654300000000
1505387279,3692.990000000000,1.000000000000
1505387284,3691.400000000000,2.523400000000
1505387285,3687.700000000000,0.049900000000
1505387285,3687.700000000000,1.426600000000
1505387286,3685.460000000000,0.050000000000
1505387288,3693.320000000000,0.034700000000
1505387299,3689.770000000000,2.440700000000
1505387299,3688.000000000000,2.324300000000
1505387300,3688.000000000000,0.234900000000
1505387302,3689.930000000000,2.129800000000
1505387310,3684.330000000000,2.593900000000
1505387310,3689.910000000000,2.202100000000
1505387321,3686.130000000000,0.000100000000
1505387321,3688.980000000000,1.790500000000
1505387322,3691.550000000000,0.082000000000
1505387322,3688.980000000000,0.437900000000
1505387325,3686.320000000000,0.000200000000
1505387337,3682.680000000000,2.500500000000
1505387337,3683.140000000000,1.492900000000
1505387343,3685.350000000000,0.140200000000
1505387344,3682.660000000000,0.050000000000
1505387348,3685.340000000000,1.200000000000
1505387348,3685.350000000000,0.220000000000
1505387356,3682.660000000000,0.100000000000
1505387362,3681.590000000000,0.100000000000
1505387369,3683.140000000000,0.100000000000
1505387379,3684.660000000000,1.649800000000
1505387379,3682.380000000000,0.100000000000
1505387381,3681.700000000000,1.485100000000
1505387381,3682.190000000000,0.560100000000
1505387383,3681.690000000000,0.100000000000
1505387388,3681.690000000000,0.100000000000
1505387394,3681.690000000000,0.100000000000
1505387401,3681.690000000000,0.100000000000
1505387407,3681.690000000000,0.100000000000
1505387414,3681.690000000000,0.100000000000
1505387421,3681.060000000000,0.032000000000
1505387425,3684.340000000000,1.030100000000
1505387429,3681.060000000000,0.099900000000
1505387429,3684.330000000000,0.000100000000
1505387435,3680.940000000000,0.100000000000
1505387443,3682.400000000000,0.100000000000
1505387448,3682.400000000000,0.100000000000
1505387454,3680.810000000000,0.100000000000
1505387461,3680.780000000000,0.100000000000
1505387467,3682.210000000000,0.021000000000
1505387473,3681.150000000000,0.100000000000
1505387480,3681.150000000000,0.100000000000
1505387486,3681.150000000000,0.032000000000
1505387487,3684.220000000000,0.034700000000
1505387488,3681.160000000000,1.339200000000
1505387488,3682.140000000000,1.857400000000
1505387489,3681.160000000000,1.803400000000
1505387493,3680.970000000000,0.032000000000
1505387500,3680.780000000000,0.100000000000
1505387506,3680.780000000000,0.100000000000
1505387513,3680.780000000000,0.034000000000
1505387514,3679.030000000000,1.721500000000
1505387514,3680.000000000000,0.500000000000
1505387515,3673.390000000000,2.778400000000
1505387518,3680.440000000000,0.093900000000
1505387520,3678.480000000000,0.017000000000
1505387527,3674.200000000000,1.119800000000
1505387528,3674.200000000000,0.008100000000
1505387535,3673.440000000000,0.000200000000
1505387536,3676.690000000000,0.239400000000
1505387536,3674.860000000000,0.010000000000
1505387544,3674.110000000000,0.000100000000
1505387548,3669.880000000000,1.708100000000
1505387551,3668.000000000000,0.100000000000
1505387571,3655.480000000000,0.106600000000
1505387598,3655.000000000000,1.444200000000
1505387626,3650.390000000000,2.731000000000
1505387633,3652.340000000000,1.160700000000
1505387633,3651.530000000000,3.839200000000
1505387643,3651.670000000000,0.000200000000
1505387643,3651.670000000000,0.000100000000
1505387645,3651.670000000000,0.500000000000
1505387646,3651.670000000000,0.559200000000
1505387647,3651.670000000000,0.816700000000
1505387648,3651.860000000000,0.100000000000
1505387652,3651.860000000000,1.000000000000
1505387656,3651.860000000000,0.447600000000
1505387660,3651.850000000000,0.000200000000
1505387667,3650.100000000000,0.025000000000
1505387667,3651.000000000000,0.050000000000
1505387668,3650.000000000000,0.025000000000
1505387673,3650.240000000000,0.050000000000
1505387674,3651.110000000000,3.031800000000
1505387674,3656.350000000000,1.470500000000
1505387676,3650.000000000000,0.100000000000
1505387679,3651.010000000000,1.297700000000
1505387679,3651.010000000000,2.466700000000
1505387680,3651.010000000000,1.635600000000
1505387683,3654.630000000000,0.081800000000
1505387683,3654.630000000000,0.495400000000
1505387684,3654.620000000000,0.000100000000
1505387684,3654.630000000000,0.016000000000
1505387686,3652.710000000000,1.000000000000
1505387686,3652.710000000000,0.296600000000
1505387686,3651.050000000000,0.100000000000
1505387687,3652.710000000000,0.811200000000
1505387688,3654.620000000000,2.198700000000
1505387689,3650.000000000000,2.377900000000
1505387689,3650.000000000000,1.640500000000
1505387689,3650.000000000000,1.875000000000
1505387692,3650.320000000000,0.000200000000
1505387693,3650.000000000000,0.032000000000
1505387694,3650.320000000000,0.031700000000
1505387694,3650.320000000000,1.088600000000
1505387695,3650.320000000000,0.869500000000
1505387697,3651.260000000000,0.017000000000
1505387699,3650.000000000000,0.099900000000
1505387699,3650.310000000000,0.000100000000
1505387700,3650.000000000000,1.849700000000
1505387709,3645.990000000000,0.031400000000
1505387712,3645.990000000000,0.015700000000
1505387723,3644.630000000000,2.200000000000
1505387724,3644.860000000000,4.952800000000
1505387724,3646.290000000000,0.047200000000
1505387730,3642.180000000000,0.026800000000
1505387731,3640.470000000000,0.047000000000
1505387731,3642.170000000000,0.000100000000
1505387732,3642.180000000000,1.849800000000
1505387732,3642.180000000000,0.323400000000
1505387738,3643.650000000000,2.146900000000
1505387743,3640.850000000000,0.070100000000
1505387744,3643.200000000000,0.117200000000
1505387744,3640.850000000000,4.882700000000
1505387746,3642.060000000000,0.352700000000
1505387749,3643.250000000000,0.235800000000
1505387750,3643.240000000000,0.000100000000
1505387751,3642.310000000000,0.000100000000
1505387764,3637.030000000000,0.050000000000
1505387764,3637.030000000000,0.814500000000
1505387774,3638.370000000000,0.050000000000
1505387775,3638.370000000000,0.244400000000
1505387794,3641.250000000000,0.030300000000
1505387796,3641.250000000000,0.585100000000
1505387797,3640.850000000000,0.735100000000
1505387801,3640.850000000000,0.413500000000
1505387803,3640.840000000000,0.000300000000
1505387810,3641.250000000000,1.484600000000
1505387818,3646.290000000000,0.052800000000
1505387819,3646.770000000000,2.395700000000
1505387820,3643.590000000000,0.100000000000
1505387826,3641.090000000000,0.100000000000
1505387833,3641.090000000000,0.100000000000
1505387839,3636.350000000000,0.100000000000
1505387862,3639.260000000000,0.500000000000
1505387862,3639.250000000000,1.000000000000
1505387868,3641.600000000000,0.100000000000
1505387869,3645.100000000000,1.260200000000
1505387869,3643.900000000000,3.239800000000
1505387871,3644.910000000000,0.310000000000
1505387875,3643.010000000000,0.100000000000
1505387877,3640.790000000000,0.499900000000
1505387878,3640.790000000000,0.000100000000
1505387881,3637.520000000000,0.095000000000
1505387887,3644.050000000000,0.060000000000
1505387887,3642.690000000000,0.137000000000
1505387887,3642.690000000000,0.024000000000
1505387889,3644.530000000000,0.100000000000
1505387889,3644.900000000000,0.100000000000
1505387890,3651.300000000000,0.250000000000
1505387892,3651.300000000000,0.004200000000
1505387893,3648.190000000000,2.359100000000
1505387893,3642.660000000000,4.641900000000
1505387894,3640.000000000000,2.373000000000
1505387894,3641.940000000000,2.897000000000
1505387895,3640.000000000000,3.355100000000
1505387895,3640.000000000000,1.879400000000
1505387895,3640.000000000000,2.530600000000
1505387895,3640.000000000000,3.597100000000
1505387896,3640.000000000000,1.222900000000
1505387896,3640.000000000000,2.624000000000
1505387896,3640.000000000000,1.783800000000
1505387896,3640.000000000000,1.837400000000
1505387897,3640.000000000000,2.135000000000
1505387898,3640.000000000000,1.993000000000
1505387898,3640.000000000000,2.121900000000
1505387898,3640.000000000000,1.415900000000
1505387898,3640.000000000000,1.692800000000
1505387899,3640.000000000000,0.417700000000
1505387902,3647.430000000000,0.100000000000
1505387903,3647.470000000000,0.959000000000
1505387903,3647.470000000000,0.290000000000
1505387904,3644.380000000000,0.100000000000
1505387904,3647.470000000000,0.078300000000
1505387905,3651.160000000000,0.050000000000
1505387906,3647.500000000000,0.025700000000
1505387907,3648.520000000000,0.200000000000
1505387908,3648.520000000000,0.035200000000
1505387909,3648.520000000000,0.027200000000
1505387909,3648.520000000000,0.048000000000
1505387911,3649.440000000000,0.024000000000
1505387912,3649.440000000000,0.157000000000
1505387912,3649.440000000000,0.057000000000
1505387914,3649.440000000000,0.035000000000
1505387914,3649.440000000000,0.008700000000
1505387916,3648.320000000000,0.080000000000
1505387918,3651.290000000000,0.035300000000
1505387918,3651.290000000000,0.089500000000
1505387921,3648.320000000000,0.100000000000
1505387923,3651.290000000000,2.000000000000
1505387923,3651.290000000000,0.946100000000
1505387924,3652.000000000000,0.050000000000
1505387925,3652.000000000000,0.643800000000
1505387925,3652.000000000000,0.690000000000
1505387926,3652.060000000000,0.545200000000
1505387928,3651.150000000000,0.000200000000
1505387928,3648.950000000000,0.099800000000
1505387931,3652.060000000000,0.046800000000
1505387934,3655.240000000000,0.077700000000
1505387935,3655.240000000000,0.016500000000
1505387935,3652.710000000000,0.080000000000
1505387937,3655.620000000000,2.123800000000
1505387937,3655.240000000000,0.755800000000
1505387937,3655.240000000000,0.050000000000
1505387942,3655.990000000000,0.500000000000
1505387944,3655.990000000000,0.156000000000
1505387948,3655.230000000000,0.000200000000
1505387948,3654.780000000000,0.099800000000
1505387949,3657.430000000000,0.080000000000
1505387949,3657.430000000000,0.016500000000
1505387952,3657.880000000000,0.427900000000
1505387953,3657.880000000000,0.050000000000
1505387953,3657.880000000000,0.324700000000
1505387955,3654.780000000000,0.030000000000
1505387956,3657.880000000000,0.090300000000
1505387957,3657.880000000000,0.173000000000
1505387958,3657.880000000000,0.047300000000
1505387959,3657.880000000000,0.958800000000
1505387961,3655.760000000000,0.099900000000
1505387961,3657.420000000000,0.000100000000
1505387965,3658.670000000000,0.085700000000
1505387966,3656.000000000000,0.010000000000
1505387966,3655.530000000000,0.090000000000
1505387967,3658.670000000000,0.050000000000
1505387969,3658.670000000000,0.014700000000
1505387969,3658.670000000000,0.137000000000
1505387970,3658.670000000000,0.275300000000
1505387970,3658.670000000000,0.050000000000
1505387971,3658.660000000000,0.010000000000
1505387975,3658.660000000000,0.000100000000
1505387975,3658.670000000000,0.920600000000
1505387976,3657.900000000000,0.100000000000
1505387977,3658.590000000000,3.525400000000
1505387977,3663.960000000000,0.829600000000
1505387977,3663.960000000000,0.063800000000
1505387978,3659.830000000000,0.050000000000
1505387980,3664.980000000000,0.137000000000
1505387984,3661.370000000000,0.319200000000
1505387987,3664.720000000000,0.962800000000
1505387988,3664.720000000000,1.000000000000
1505387991,3670.110000000000,0.100000000000
1505387991,3669.810000000000,2.787400000000
1505387992,3674.730000000000,1.112400000000
1505387998,3671.790000000000,0.024000000000
1505387999,3671.790000000000,0.009000000000
1505388001,3677.300000000000,2.266400000000
1505388001,3672.900000000000,2.700300000000
1505388003,3673.460000000000,0.024000000000
1505388009,3678.400000000000,0.100000000000
1505388009,3673.460000000000,2.949200000000
1505388009,3673.460000000000,0.399900000000
1505388010,3678.760000000000,1.540500000000
1505388010,3678.410000000000,0.010000000000
1505388012,3674.240000000000,0.019200000000
1505388013,3674.240000000000,0.010000000000
1505388017,3677.000000000000,2.535100000000
1505388017,3675.760000000000,2.435600000000
1505388022,3676.220000000000,0.000500000000
1505388032,3676.000000000000,3.000000000000
1505388033,3676.650000000000,0.030000000000
1505388034,3676.650000000000,1.970000000000
1505388044,3678.690000000000,1.970000000000
1505388044,3680.000000000000,1.970000000000
1505388046,3679.040000000000,0.119100000000
1505388046,3679.040000000000,0.500000000000
1505388051,3679.040000000000,0.070600000000
1505388052,3679.770000000000,0.959500000000
1505388054,3679.770000000000,0.017500000000
1505388057,3682.400000000000,0.039900000000
1505388059,3684.260000000000,0.064300000000
1505388059,3683.460000000000,1.550000000000
1505388067,3685.120000000000,0.358900000000
1505388068,3685.120000000000,0.374400000000
1505388068,3685.120000000000,0.805800000000
1505388069,3686.050000000000,0.365500000000
1505388070,3686.050000000000,0.545300000000
1505388070,3686.050000000000,0.042000000000
1505388074,3686.830000000000,0.621600000000
1505388078,3685.150000000000,0.000400000000
1505388091,3685.720000000000,1.014500000000
1505388092,3685.720000000000,0.178400000000
1505388093,3685.720000000000,0.156300000000
1505388095,3685.720000000000,0.156800000000
1505388096,3690.800000000000,0.054000000000
1505388096,3690.800000000000,0.026600000000
1505388096,3685.790000000000,0.080500000000
1505388099,3685.790000000000,0.100900000000
1505388100,3690.790000000000,0.000300000000
1505388100,3690.790000000000,0.070300000000
1505388100,3685.790000000000,2.430100000000
1505388104,3688.270000000000,0.500000000000
1505388109,3688.270000000000,1.671600000000
1505388110,3694.120000000000,2.828400000000
1505388112,3691.830000000000,0.499900000000
1505388113,3697.430000000000,0.398800000000
1505388113,3691.830000000000,2.429600000000
1505388114,3696.590000000000,1.671600000000
1505388115,3697.110000000000,0.499900000000
1505388118,3697.100000000000,0.000100000000
1505388119,3693.870000000000,0.099900000000
1505388119,3697.110000000000,0.499900000000
1505388121,3703.120000000000,2.440700000000
1505388121,3697.110000000000,2.059300000000
1505388123,3698.580000000000,2.440800000000
1505388124,3700.190000000000,0.494900000000
1505388124,3698.880000000000,1.890000000000
1505388125,3705.000000000000,0.174300000000
1505388129,3699.230000000000,0.188700000000
1505388129,3699.230000000000,2.000000000000
1505388131,3702.760000000000,2.811200000000
1505388136,3701.830000000000,0.020900000000
1505388136,3703.690000000000,0.000100000000
1505388138,3704.750000000000,0.079800000000
1505388143,3702.520000000000,0.100000000000
1505388149,3701.670000000000,0.010000000000
1505388149,3704.700000000000,2.984300000000
1505388156,3705.000000000000,0.100000000000
1505388162,3706.700000000000,0.100000000000
1505388169,3713.150000000000,0.020000000000
1505388171,3714.140000000000,1.915700000000
1505388172,3712.510000000000,2.367400000000
1505388172,3713.870000000000,0.010000000000
1505388180,3711.000000000000,0.000100000000
1505388186,3711.010000000000,0.017400000000
1505388186,3711.010000000000,0.095000000000
1505388189,3711.010000000000,0.706700000000
1505388189,3711.320000000000,0.011000000000
1505388193,3713.670000000000,0.100000000000
1505388197,3714.150000000000,0.010000000000
1505388199,3715.730000000000,0.031000000000
1505388233,3714.350000000000,0.010000000000
1505388267,3712.000000000000,2.860300000000
1505388291,3710.360000000000,2.168900000000
1505388292,3705.970000000000,2.831100000000
1505388330,3704.640000000000,0.014100000000
1505388337,3701.000000000000,0.010000000000
1505388372,3696.680000000000,0.100000000000
1505388379,3693.700000000000,0.050000000000
1505388385,3691.060000000000,0.006600000000
1505388386,3691.000000000000,0.010000000000
1505388399,3685.450000000000,0.010000000000
1505388449,3672.230000000000,0.003100000000
1505388449,3672.230000000000,0.009300000000
1505388513,3664.780000000000,0.000400000000
1505388518,3664.780000000000,0.100000000000
1505388525,3664.780000000000,0.047000000000
1505388531,3665.860000000000,0.100000000000
1505388537,3664.900000000000,0.027000000000
1505388544,3664.390000000000,0.100000000000
1505388551,3664.500000000000,0.091000000000
1505388557,3664.500000000000,0.046000000000
1505388579,3668.350000000000,0.200000000000
1505388579,3668.350000000000,0.200000000000
1505388579,3668.350000000000,0.200000000000
1505388579,3668.350000000000,0.200000000000
1505388579,3668.350000000000,0.200000000000
1505388579,3668.350000000000,0.200000000000
1505388580,3668.350000000000,0.200000000000
1505388580,3668.350000000000,0.200000000000
1505388580,3668.350000000000,0.200000000000
1505388580,3668.350000000000,0.200000000000
1505388580,3668.350000000000,0.200000000000
1505388580,3668.350000000000,0.116100000000
1505388581,3663.950000000000,0.200000000000
1505388581,3663.950000000000,0.083900000000
1505388581,3663.950000000000,0.200000000000
1505388581,3663.950000000000,0.200000000000
1505388581,3663.950000000000,0.200000000000
1505388581,3663.950000000000,0.200000000000
1505388582,3663.950000000000,0.200000000000
1505388582,3663.950000000000,0.200000000000
1505388582,3663.950000000000,0.200000000000
1505388582,3663.950000000000,0.200000000000
1505388582,3663.950000000000,0.200000000000
1505388582,3663.950000000000,0.200000000000
1505388583,3663.950000000000,0.149000000000
1505388583,3663.950000000000,0.200000000000
1505388583,3663.950000000000,0.200000000000
1505388583,3663.950000000000,0.200000000000
1505388583,3663.950000000000,0.051000000000
1505388583,3663.950000000000,0.200000000000
1505388584,3663.950000000000,0.200000000000
1505388584,3663.950000000000,0.200000000000
1505388584,3663.950000000000,0.200000000000
1505388584,3663.950000000000,0.200000000000
1505388584,3663.950000000000,0.200000000000
1505388584,3663.950000000000,0.200000000000
1505388584,3663.950000000000,0.200000000000
1505388585,3663.950000000000,0.200000000000
1505388585,3663.950000000000,0.200000000000
1505388585,3663.950000000000,0.200000000000
1505388585,3663.950000000000,0.200000000000
1505388585,3663.950000000000,0.200000000000
1505388585,3663.950000000000,0.200000000000
1505388586,3663.950000000000,0.200000000000
1505388586,3663.950000000000,0.200000000000
1505388586,3663.950000000000,0.200000000000
1505388586,3663.950000000000,0.200000000000
1505388586,3663.950000000000,0.200000000000
1505388586,3663.950000000000,0.200000000000
1505388586,3663.950000000000,0.200000000000
1505388586,3663.950000000000,0.200000000000
1505388587,3663.950000000000,0.122500000000
1505388587,3663.950000000000,0.200000000000
1505388587,3663.950000000000,0.200000000000
1505388587,3663.950000000000,0.200000000000
1505388587,3663.950000000000,0.200000000000
1505388588,3663.950000000000,0.200000000000
1505388588,3663.950000000000,0.200000000000
1505388588,3663.950000000000,0.077500000000
1505388588,3663.950000000000,0.200000000000
1505388588,3663.950000000000,0.200000000000
1505388589,3663.950000000000,0.200000000000
1505388589,3663.950000000000,0.200000000000
1505388589,3663.950000000000,0.200000000000
1505388589,3663.950000000000,0.200000000000
1505388589,3663.950000000000,0.200000000000
1505388589,3663.950000000000,0.057000000000
1505388589,3663.950000000000,0.200000000000
1505388590,3663.950000000000,0.200000000000
1505388590,3663.950000000000,0.143000000000
1505388590,3663.950000000000,0.200000000000
1505388590,3663.950000000000,0.200000000000
1505388590,3663.950000000000,0.200000000000
1505388590,3663.950000000000,0.200000000000
1505388591,3663.950000000000,0.200000000000
1505388591,3663.950000000000,0.200000000000
1505388591,3663.950000000000,0.200000000000
1505388591,3663.950000000000,0.200000000000
1505388591,3663.950000000000,0.200000000000
1505388592,3663.950000000000,0.200000000000
1505388592,3663.950000000000,0.200000000000
1505388592,3663.950000000000,0.200000000000
1505388592,3663.950000000000,0.200000000000
1505388592,3663.950000000000,0.200000000000
1505388592,3663.950000000000,0.200000000000
1505388592,3663.950000000000,0.200000000000
1505388593,3663.950000000000,0.200000000000
1505388593,3663.950000000000,0.200000000000
1505388593,3663.950000000000,0.200000000000
1505388593,3663.950000000000,0.200000000000
1505388593,3663.950000000000,0.200000000000
1505388594,3663.950000000000,0.200000000000
1505388594,3663.950000000000,0.200000000000
1505388594,3663.950000000000,0.200000000000
1505388594,3663.950000000000,0.200000000000
1505388594,3663.950000000000,0.200000000000
1505388594,3663.950000000000,0.175300000000
1505388594,3663.950000000000,0.024700000000
1505388595,3663.950000000000,0.200000000000
1505388595,3663.950000000000,0.200000000000
1505388595,3663.950000000000,0.200000000000
1505388595,3663.950000000000,0.200000000000
1505388595,3663.950000000000,0.200000000000
1505388595,3663.950000000000,0.200000000000
1505388596,3663.950000000000,0.040600000000
1505388596,3663.950000000000,0.159400000000
1505388604,3671.280000000000,0.010000000000
1505388606,3671.580000000000,0.025000000000
1505388610,3673.100000000000,0.100000000000
1505388614,3676.030000000000,0.017600000000
1505388614,3673.100000000000,0.025000000000
1505388616,3673.100000000000,0.014000000000
1505388630,3673.010000000000,0.100000000000
1505388638,3673.920000000000,0.100000000000
1505388643,3674.980000000000,0.100000000000
1505388649,3670.930000000000,0.100000000000
1505388656,3673.820000000000,0.100000000000
1505388672,3670.670000000000,0.100000000000
1505388675,3673.840000000000,0.094700000000
1505388700,3666.000000000000,0.010000000000
1505388706,3668.660000000000,0.007500000000
1505388732,3669.910000000000,0.025000000000
1505388738,3670.420000000000,0.100000000000
1505388743,3670.420000000000,0.400000000000
1505388757,3665.230000000000,0.001900000000
1505388779,3666.020000000000,0.003100000000
1505388801,3664.910000000000,0.008700000000
1505388816,3665.880000000000,0.006300000000
1505388824,3664.000000000000,0.010000000000
1505388852,3668.490000000000,0.026600000000
1505388861,3668.300000000000,0.010200000000
1505388869,3665.110000000000,0.100000000000
1505388872,3664.350000000000,0.097000000000
1505388878,3661.020000000000,0.100000000000
1505388885,3663.500000000000,0.100000000000
1505388891,3663.500000000000,0.100000000000
1505388897,3663.500000000000,0.100000000000
1505388959,3659.000000000000,0.010000000000
1505388986,3651.700000000000,0.100000000000
1505388993,3651.000000000000,0.025000000000
1505388993,3651.700000000000,0.100000000000
1505388999,3646.440000000000,0.100000000000
1505389006,3649.570000000000,0.100000000000
1505389012,3648.460000000000,0.100000000000
1505389019,3651.320000000000,0.005100000000
1505389029,3651.320000000000,0.004000000000
1505389029,3648.460000000000,0.080000000000
1505389036,3651.350000000000,0.362200000000
1505389036,3651.350000000000,2.372800000000
1505389036,3651.230000000000,0.100000000000
1505389039,3651.230000000000,1.656800000000
1505389044,3650.200000000000,0.100000000000
1505389082,3647.080000000000,0.100000000000
1505389088,3646.890000000000,0.070000000000
1505389103,3649.620000000000,1.989400000000
1505389103,3649.540000000000,1.000000000000
1505389103,3649.440000000000,0.100000000000
1505389104,3649.620000000000,0.743600000000
1505389131,3660.390000000000,0.021100000000
1505389165,3665.340000000000,0.004000000000
1505389166,3661.150000000000,1.200000000000
1505389196,3662.880000000000,2.296900000000
1505389204,3662.590000000000,0.050000000000
1505389229,3664.930000000000,0.026700000000
1505389231,3663.160000000000,0.100000000000
1505389236,3663.310000000000,0.100000000000
1505389236,3662.000000000000,0.500000000000
1505389237,3663.310000000000,2.692200000000
1505389238,3661.900000000000,0.030800000000
1505389245,3663.820000000000,0.100000000000
1505389249,3663.820000000000,0.077000000000
1505389255,3663.820000000000,0.100000000000
1505389262,3665.120000000000,0.100000000000
1505389263,3662.830000000000,0.050000000000
1505389268,3665.080000000000,0.100000000000
1505389270,3668.270000000000,0.014300000000
1505389272,3662.830000000000,2.675000000000
1505389274,3658.250000000000,0.100000000000
1505389281,3662.560000000000,0.100000000000
1505389289,3663.980000000000,0.100000000000
1505389294,3663.980000000000,0.100000000000
1505389295,3662.660000000000,2.725000000000
1505389300,3662.470000000000,0.100000000000
1505389315,3661.710000000000,0.100000000000
1505389405,3650.000000000000,1.489400000000
1505389405,3650.000000000000,1.657300000000
1505389406,3650.000000000000,0.853300000000
1505389407,3649.950000000000,0.902900000000
1505389407,3650.070000000000,1.832100000000
1505389456,3644.690000000000,0.080000000000
1505389459,3644.690000000000,0.100000000000
1505389464,3644.670000000000,0.100000000000
1505389471,3646.850000000000,0.100000000000
1505389537,3643.730000000000,2.617900000000
1505389537,3642.940000000000,0.122100000000
1505389603,3637.250000000000,0.100000000000
1505389608,3636.160000000000,0.100000000000
1505389610,3636.160000000000,2.640000000000
1505389614,3634.740000000000,0.100000000000
1505389620,3634.200000000000,0.100000000000
1505389625,3631.670000000000,0.107300000000
1505389626,3630.000000000000,0.722700000000
1505389626,3632.780000000000,0.100000000000
1505389633,3632.330000000000,0.100000000000
1505389688,3630.950000000000,2.123800000000
1505389688,3630.000000000000,0.300000000000
1505389688,3631.310000000000,0.100000000000
1505389688,3630.950000000000,0.626200000000
1505389691,3631.890000000000,0.100000000000
1505389703,3626.740000000000,2.185200000000
1505389703,3626.740000000000,0.567800000000
1505389794,3622.230000000000,0.158000000000
1505389820,3620.190000000000,0.545900000000
1505389823,3625.030000000000,0.011100000000
1505389827,3622.690000000000,3.243500000000
1505389828,3622.690000000000,0.340400000000
1505389828,3622.690000000000,2.816100000000
1505389836,3620.000000000000,0.010000000000
1505389836,3619.560000000000,0.060000000000
1505389840,3620.000000000000,1.078100000000
1505389852,3619.560000000000,0.040000000000
1505389864,3612.170000000000,0.050000000000
1505389870,3612.130000000000,1.619600000000
1505389871,3610.000000000000,11.900000000000
1505389871,3610.010000000000,0.108000000000
1505389872,3610.000000000000,1.716500000000
1505389872,3610.000000000000,2.095200000000
1505389872,3610.000000000000,1.505400000000
1505389873,3610.000000000000,1.355300000000
1505389873,3610.000000000000,1.979000000000
1505389874,3610.000000000000,0.080000000000
1505389901,3609.000000000000,0.010000000000
1505389903,3606.000000000000,0.100000000000
1505389915,3607.330000000000,0.035800000000
1505389944,3600.000000000000,0.250000000000
1505389944,3604.500000000000,1.346100000000
1505389944,3600.000000000000,0.125000000000
1505389945,3600.000000000000,2.403900000000
1505389945,3600.000000000000,1.928600000000
1505389946,3600.000000000000,2.127400000000
1505389946,3600.000000000000,5.100000000000
1505389947,3600.000000000000,2.024100000000
1505389947,3600.000000000000,1.851600000000
1505389947,3600.000000000000,2.148300000000
1505389947,3600.000000000000,1.597000000000
1505389948,3600.000000000000,2.016700000000
1505389948,3600.000000000000,1.496800000000
1505389949,3600.000000000000,1.437100000000
1505389949,3600.000000000000,1.445200000000
1505389977,3599.620000000000,1.000000000000
1505389986,3598.170000000000,0.100000000000
1505389990,3596.810000000000,0.025500000000
1505390013,3595.020000000000,0.095800000000
1505390174,3590.090000000000,0.010100000000
1505390223,3592.900000000000,1.089400000000
1505390223,3593.110000000000,2.774000000000
1505390236,3593.820000000000,1.000000000000
1505390238,3593.820000000000,2.000000000000
1505390269,3598.090000000000,0.040000000000
1505390276,3599.000000000000,0.100000000000
1505390276,3600.000000000000,1.602200000000
1505390276,3599.990000000000,0.100000000000
1505390277,3600.000000000000,2.450900000000
1505390277,3598.100000000000,0.100000000000
1505390278,3600.000000000000,1.570800000000
1505390278,3600.000000000000,2.477200000000
1505390279,3600.000000000000,2.385000000000
1505390279,3600.000000000000,2.000000000000
1505390280,3600.000000000000,2.440100000000
1505390280,3600.000000000000,1.077700000000
1505390281,3600.000000000000,2.154000000000
1505390281,3600.000000000000,2.165700000000
1505390281,3600.000000000000,1.867400000000
1505390282,3600.000000000000,0.977200000000
1505390283,3599.990000000000,0.100000000000
1505390284,3600.000000000000,45.634000000000
1505390284,3600.000000000000,1.900000000000
1505390291,3601.950000000000,0.100000000000
1505390293,3604.240000000000,0.016900000000
1505390297,3603.210000000000,0.100000000000
1505390302,3603.480000000000,0.100000000000
1505390306,3603.530000000000,2.817000000000
1505390309,3603.540000000000,0.100000000000
1505390315,3604.390000000000,0.100000000000
1505390322,3605.070000000000,0.100000000000
1505390323,3608.230000000000,0.039600000000
1505390323,3608.230000000000,0.004000000000
1505390329,3606.460000000000,0.030000000000
1505390336,3606.510000000000,0.089000000000
1505390337,3606.510000000000,2.660300000000
1505390344,3605.770000000000,0.070000000000
1505390346,3608.120000000000,1.000000000000
1505390350,3608.020000000000,0.100000000000
1505390357,3608.220000000000,0.100000000000
1505390363,3608.270000000000,3.036000000000
1505390369,3603.000000000000,0.010000000000
1505390372,3604.060000000000,0.006400000000
1505390387,3604.270000000000,0.054100000000
1505390391,3602.730000000000,0.100000000000
1505390408,3601.540000000000,0.025000000000
1505390412,3602.000000000000,0.012000000000
1505390417,3602.730000000000,0.002700000000
1505390419,3602.000000000000,0.011000000000
1505390427,3602.000000000000,0.007000000000
1505390428,3601.540000000000,0.093000000000
1505390445,3606.780000000000,0.019200000000
1505390464,3604.020000000000,0.400000000000
1505390473,3608.710000000000,0.100000000000
1505390482,3611.570000000000,0.096000000000
1505390500,3610.920000000000,0.014000000000
1505390506,3612.000000000000,0.250000000000
1505390506,3608.720000000000,3.026100000000
1505390512,3608.720000000000,0.015000000000
1505390518,3608.020000000000,3.134200000000
1505390519,3610.000000000000,3.427600000000
1505390519,3610.000000000000,3.284900000000
1505390519,3610.000000000000,0.153300000000
1505390525,3607.230000000000,0.100000000000
1505390529,3611.100000000000,0.015000000000
1505390532,3611.100000000000,0.006300000000
1505390578,3612.430000000000,3.708900000000
1505390584,3615.880000000000,0.004000000000
1505390598,3615.880000000000,0.040200000000
1505390605,3612.700000000000,0.003200000000
1505390613,3612.700000000000,0.020100000000
1505390616,3612.700000000000,1.000000000000
1505390617,3612.700000000000,1.000000000000
1505390620,3613.410000000000,0.027000000000
1505390624,3613.410000000000,0.039900000000
1505390632,3613.410000000000,0.016800000000
1505390634,3612.700000000000,1.000000000000
1505390634,3612.700000000000,1.000000000000
1505390634,3612.700000000000,0.413500000000
1505390635,3612.430000000000,0.091100000000
1505390635,3612.700000000000,0.586500000000
1505390646,3617.000000000000,0.063900000000
1505390677,3621.200000000000,0.094500000000
1505390698,3621.320000000000,1.000000000000
1505390700,3621.320000000000,1.000000000000
1505390704,3622.580000000000,0.009600000000
1505390718,3622.240000000000,2.000000000000
1505390734,3622.940000000000,0.100000000000
1505390740,3622.840000000000,2.000000000000
1505390752,3627.560000000000,3.223000000000
1505390752,3633.100000000000,1.557000000000
1505390756,3628.170000000000,0.003100000000
1505390757,3628.170000000000,0.524200000000
1505390759,3628.170000000000,0.171700000000
1505390759,3628.170000000000,0.574100000000
1505390760,3628.460000000000,0.003200000000
1505390776,3638.990000000000,0.032200000000
1505390783,3641.100000000000,0.007900000000
1505390788,3636.480000000000,2.100000000000
1505390798,3634.800000000000,0.071400000000
1505390802,3640.590000000000,2.756100000000
1505390802,3635.700000000000,2.243800000000
1505390803,3636.660000000000,0.000100000000
1505390804,3636.340000000000,0.006200000000
1505390813,3641.830000000000,0.892600000000
1505390814,3642.640000000000,2.028300000000
1505390818,3648.400000000000,1.806700000000
1505390818,3646.800000000000,3.193300000000
1505390829,3648.920000000000,0.522000000000
1505390831,3648.910000000000,0.000100000000
1505390847,3647.010000000000,2.493700000000
1505390864,3646.710000000000,0.057100000000
1505390886,3650.970000000000,0.499300000000
1505390897,3653.000000000000,0.250000000000
1505390903,3655.830000000000,0.012200000000
1505390903,3654.560000000000,0.010000000000
1505390910,3653.270000000000,0.095500000000
1505390918,3653.220000000000,0.027200000000
1505390921,3653.220000000000,0.031700000000
1505390967,3641.870000000000,2.964400000000
1505390968,3641.870000000000,0.020000000000
1505390969,3641.870000000000,0.038500000000
1505390970,3641.870000000000,0.402400000000
1505390971,3641.870000000000,0.129000000000
1505390971,3641.870000000000,0.050100000000
1505390972,3641.870000000000,0.123400000000
1505390973,3641.870000000000,0.112100000000
1505390973,3641.870000000000,0.117800000000
1505390974,3641.870000000000,0.100900000000
1505390981,3642.710000000000,0.054700000000
1505390982,3642.710000000000,0.136300000000
1505390983,3642.710000000000,0.200100000000
1505390984,3642.700000000000,0.000100000000
1505390994,3642.130000000000,0.000400000000
1505391008,3642.170000000000,1.694900000000
1505391009,3642.220000000000,1.356500000000
1505391009,3642.170000000000,1.047100000000
1505391010,3642.220000000000,1.743500000000
1505391015,3644.480000000000,0.091500000000
1505391015,3645.000000000000,0.259400000000
1505391016,3644.480000000000,0.008000000000
1505391019,3641.860000000000,0.010000000000
1505391032,3641.230000000000,0.830400000000
1505391032,3641.230000000000,1.909600000000
1505391033,3642.000000000000,0.931200000000
1505391033,3642.000000000000,2.140200000000
1505391033,3642.000000000000,1.928500000000
1505391035,3642.320000000000,0.000100000000
1505391037,3642.320000000000,1.000000000000
1505391045,3641.660000000000,0.000100000000
1505391046,3641.660000000000,1.394900000000
1505391047,3641.670000000000,2.622000000000
1505391061,3638.470000000000,0.002700000000
1505391062,3638.470000000000,0.080400000000
1505391075,3638.660000000000,1.768100000000
1505391076,3638.450000000000,0.023500000000
1505391077,3638.580000000000,0.367300000000
1505391078,3638.450000000000,1.099800000000
1505391078,3638.580000000000,1.523700000000
1505391079,3638.450000000000,0.217300000000
1505391080,3638.450000000000,0.262100000000
1505391081,3638.450000000000,0.105100000000
1505391082,3641.430000000000,0.070700000000
1505391082,3638.460000000000,0.000400000000
1505391087,3638.170000000000,0.198000000000
1505391088,3636.330000000000,0.040000000000
1505391089,3636.330000000000,0.245400000000
1505391090,3636.610000000000,1.345400000000
1505391091,3636.610000000000,1.398600000000
1505391102,3630.100000000000,0.011000000000
1505391102,3630.020000000000,0.000100000000
1505391107,3630.000000000000,0.459800000000
1505391109,3630.000000000000,0.264900000000
1505391109,3630.000000000000,0.371300000000
1505391111,3630.000000000000,0.301300000000
1505391117,3630.000000000000,0.027800000000
1505391118,3630.000000000000,0.808300000000
1505391119,3630.000000000000,2.699600000000
1505391119,3630.000000000000,0.166300000000
1505391121,3630.000000000000,1.109800000000
1505391122,3630.000000000000,0.040200000000
1505391123,3630.000000000000,3.398600000000
1505391124,3630.000000000000,3.149000000000
1505391124,3630.000000000000,0.018400000000
1505391125,3630.000000000000,3.094600000000
1505391125,3630.000000000000,2.359200000000
1505391126,3627.220000000000,0.164800000000
1505391126,3630.000000000000,1.730900000000
1505391128,3627.440000000000,0.053800000000
1505391129,3627.440000000000,0.000600000000
1505391130,3629.940000000000,0.107400000000
1505391136,3626.980000000000,0.013700000000
1505391162,3621.000000000000,0.010000000000
1505391187,3616.000000000000,0.010000000000
1505391193,3611.990000000000,2.176800000000
1505391194,3611.990000000000,1.738700000000
1505391195,3612.000000000000,0.564800000000
1505391198,3612.000000000000,2.581600000000
1505391198,3612.000000000000,1.661000000000
1505391199,3612.000000000000,0.192500000000
1505391201,3612.300000000000,0.564800000000
1505391215,3613.000000000000,0.099900000000
1505391216,3613.000000000000,0.100000000000
1505391218,3613.000000000000,0.020000000000
1505391218,3613.000000000000,0.100000000000
1505391219,3613.000000000000,0.129900000000
1505391219,3613.000000000000,0.013000000000
1505391220,3613.000000000000,0.020000000000
1505391220,3613.000000000000,0.201000000000
1505391221,3613.000000000000,0.124200000000
1505391222,3613.000000000000,0.201000000000
1505391225,3614.090000000000,0.129800000000
1505391226,3614.090000000000,0.124100000000
1505391226,3614.090000000000,1.200000000000
1505391226,3614.090000000000,0.010000000000
1505391229,3614.080000000000,0.000300000000
1505391232,3615.450000000000,0.540000000000
1505391235,3613.000000000000,5.000000000000
1505391238,3613.000000000000,0.020000000000
1505391239,3613.000000000000,0.020000000000
1505391240,3613.000000000000,4.420000000000
1505391240,3613.000000000000,1.540000000000
1505391262,3616.300000000000,0.016000000000
1505391271,3616.790000000000,0.080800000000
1505391276,3616.790000000000,0.027500000000
1505391278,3616.790000000000,0.013700000000
1505391289,3616.780000000000,0.000100000000
1505391289,3616.780000000000,1.459900000000
1505391292,3616.420000000000,2.643800000000
1505391292,3616.790000000000,0.107000000000
1505391294,3616.410000000000,0.000100000000
1505391339,3619.130000000000,0.004700000000
1505391347,3619.130000000000,0.006300000000
1505391349,3619.130000000000,0.449900000000
1505391350,3619.130000000000,0.996200000000
1505391351,3619.180000000000,0.689100000000
1505391351,3619.130000000000,1.300900000000
1505391365,3620.260000000000,0.000100000000
1505391374,3621.010000000000,3.267600000000
1505391376,3621.510000000000,0.019100000000
1505391379,3621.460000000000,2.754000000000
1505391380,3621.500000000000,2.246000000000
1505391381,3621.500000000000,1.059800000000
1505391381,3621.500000000000,3.461800000000
1505391381,3620.610000000000,0.478400000000
1505391429,3623.190000000000,0.004000000000
1505391440,3623.190000000000,0.009600000000
1505391445,3623.190000000000,0.024100000000
1505391450,3623.230000000000,2.758000000000
1505391451,3625.880000000000,0.020300000000
1505391451,3623.240000000000,2.197500000000
1505391463,3624.860000000000,1.006500000000
1505391463,3625.870000000000,0.000100000000
1505391464,3624.860000000000,0.040000000000
1505391466,3624.860000000000,0.077600000000
1505391467,3624.860000000000,0.485300000000
1505391468,3625.140000000000,1.123800000000
1505391468,3625.140000000000,1.559700000000
1505391469,3625.880000000000,0.706500000000
1505391472,3624.000000000000,0.000500000000
1505391473,3624.000000000000,0.404400000000
1505391480,3625.880000000000,0.273200000000
1505391484,3627.580000000000,2.176200000000
1505391484,3626.480000000000,2.823800000000
1505391485,3627.580000000000,0.577800000000
1505391485,3627.310000000000,3.016800000000
1505391486,3629.770000000000,0.738000000000
1505391493,3629.040000000000,0.067500000000
1505391495,3629.040000000000,2.948800000000
1505391495,3632.000000000000,1.728600000000
1505391495,3629.030000000000,0.000100000000
1505391501,3629.760000000000,0.200000000000
1505391502,3631.220000000000,0.198100000000
1505391505,3635.300000000000,0.115200000000
1505391509,3630.040000000000,2.716300000000
1505391509,3630.040000000000,0.083700000000
1505391509,3630.080000000000,2.752000000000
1505391510,3629.430000000000,0.322500000000
1505391510,3625.740000000000,2.748000000000
1505391524,3638.440000000000,2.678600000000
1505391540,3642.640000000000,0.050200000000
1505391541,3642.640000000000,0.007000000000
1505391556,3650.000000000000,5.000000000000
1505391587,3658.700000000000,0.010000000000
1505391588,3661.430000000000,1.764300000000
1505391588,3662.800000000000,2.252600000000
1505391589,3662.800000000000,0.972900000000
1505391594,3663.570000000000,0.972900000000
1505391604,3665.200000000000,0.000200000000
1505391607,3665.200000000000,2.285600000000
1505391622,3665.100000000000,1.510700000000
1505391660,3671.060000000000,0.373400000000
1505391660,3671.170000000000,3.068200000000
1505391661,3671.060000000000,0.200000000000
1505391670,3673.280000000000,2.724000000000
1505391672,3673.280000000000,2.276000000000
1505391672,3673.280000000000,0.650700000000
1505391682,3673.320000000000,0.500000000000
1505391684,3673.320000000000,0.100000000000
1505391685,3673.320000000000,2.587500000000
1505391685,3670.900000000000,0.400000000000
1505391685,3671.050000000000,0.100000000000
1505391686,3672.610000000000,0.165200000000
1505391686,3670.850000000000,1.747200000000
1505391720,3662.120000000000,1.945800000000
1505391722,3665.050000000000,2.725000000000
1505391726,3666.580000000000,0.105700000000
1505391727,3666.580000000000,0.049000000000
1505391755,3661.450000000000,0.051000000000
1505391762,3661.380000000000,2.729000000000
1505391771,3657.810000000000,0.183200000000
1505391772,3657.820000000000,0.000100000000
1505391775,3663.260000000000,2.102200000000
1505391776,3663.260000000000,0.626800000000
1505391780,3662.640000000000,0.170800000000
1505391824,3652.340000000000,0.569600000000
1505391875,3650.030000000000,0.178300000000
1505391876,3648.050000000000,0.100000000000
1505391881,3647.230000000000,2.397900000000
1505391882,3647.230000000000,0.338100000000
1505391902,3644.510000000000,2.742000000000
1505391902,3649.560000000000,0.100000000000
1505391905,3651.200000000000,2.426700000000
1505391906,3650.280000000000,0.408100000000
1505391906,3645.670000000000,2.573200000000
1505391909,3650.940000000000,0.095000000000
1505391913,3644.370000000000,1.936900000000
1505391913,3649.930000000000,3.063000000000
1505391920,3647.070000000000,2.525700000000
1505391924,3646.720000000000,0.000100000000
1505391965,3640.080000000000,0.053500000000
1505391990,3639.820000000000,2.741000000000
1505392012,3638.000000000000,1.939900000000
1505392019,3638.310000000000,0.005000000000
1505392019,3638.310000000000,2.738000000000
1505392034,3644.670000000000,0.430300000000
1505392073,3638.330000000000,0.003100000000
1505392076,3638.330000000000,2.013300000000
1505392077,3638.330000000000,0.728600000000
1505392080,3643.590000000000,0.039000000000
1505392086,3642.490000000000,0.017000000000
1505392090,3642.440000000000,2.742000000000
1505392104,3644.560000000000,1.529300000000
1505392106,3642.950000000000,2.410300000000
1505392107,3641.920000000000,2.589700000000
1505392108,3641.760000000000,1.683200000000
1505392109,3641.100000000000,2.339700000000
1505392110,3641.100000000000,0.654900000000
1505392116,3643.820000000000,0.006300000000
1505392116,3641.880000000000,3.342200000000
1505392117,3648.180000000000,0.030000000000
1505392125,3641.980000000000,2.401900000000
1505392152,3643.100000000000,0.049700000000
1505392166,3646.770000000000,0.008000000000
1505392167,3646.160000000000,0.500000000000
1505392203,3647.560000000000,0.015800000000
1505392211,3647.610000000000,0.002900000000
1505392215,3647.610000000000,0.035500000000
1505392232,3646.120000000000,0.035500000000
1505392260,3646.010000000000,0.067900000000
1505392269,3646.110000000000,0.007800000000
1505392278,3646.110000000000,0.024100000000
1505392284,3646.700000000000,0.063400000000
1505392301,3645.360000000000,2.072200000000
1505392302,3645.360000000000,0.664800000000
1505392379,3644.010000000000,0.006800000000
1505392431,3644.000000000000,0.010000000000
1505392431,3644.000000000000,0.100000000000
1505392432,3641.830000000000,0.756200000000
1505392432,3641.830000000000,1.983800000000
1505392448,3642.000000000000,1.791700000000
1505392449,3642.000000000000,2.001700000000
1505392505,3639.610000000000,2.293700000000
1505392505,3640.840000000000,0.010000000000
1505392506,3639.610000000000,0.451300000000
1505392523,3631.440000000000,0.014800000000
1505392525,3631.440000000000,0.522100000000
1505392526,3631.440000000000,0.015000000000
1505392529,3631.440000000000,0.720400000000
1505392529,3631.440000000000,0.021200000000
1505392530,3631.440000000000,0.014300000000
1505392532,3631.440000000000,1.439200000000
1505392540,3626.260000000000,0.010000000000
1505392547,3626.000000000000,2.967400000000
1505392548,3626.000000000000,2.032600000000
1505392552,3626.010000000000,0.000300000000
1505392555,3626.050000000000,0.052000000000
1505392566,3623.290000000000,2.445900000000
1505392567,3623.290000000000,0.310100000000
1505392568,3622.540000000000,2.636900000000
1505392585,3621.000000000000,0.010000000000
1505392591,3618.820000000000,0.035900000000
1505392608,3615.300000000000,2.056500000000
1505392609,3614.220000000000,0.287600000000
1505392609,3612.190000000000,2.473400000000
1505392611,3612.980000000000,0.010000000000
1505392649,3617.010000000000,0.079800000000
1505392657,3616.910000000000,0.095300000000
1505392684,3614.340000000000,0.001500000000
1505392703,3611.000000000000,0.010000000000
1505392728,3610.810000000000,0.003500000000
1505392749,3606.000000000000,1.000000000000
1505392780,3600.280000000000,2.554000000000
1505392792,3600.000000000000,0.010000000000
1505392828,3596.010000000000,0.007500000000
1505392878,3596.000000000000,0.010000000000
1505392879,3592.900000000000,0.039000000000
1505392880,3592.100000000000,1.911700000000
1505392880,3592.750000000000,2.527300000000
1505392880,3592.900000000000,0.061000000000
1505392881,3592.100000000000,0.020000000000
1505392883,3592.100000000000,0.066900000000
1505392884,3592.100000000000,0.374000000000
1505392890,3592.100000000000,0.104000000000
1505392891,3589.430000000000,0.100000000000
1505392893,3589.610000000000,0.287000000000
1505392893,3589.610000000000,0.152000000000
1505392893,3590.700000000000,1.077100000000
1505392894,3589.610000000000,0.140500000000
1505392894,3589.610000000000,1.900300000000
1505392895,3589.430000000000,0.777600000000
1505392903,3589.430000000000,0.116200000000
1505392904,3589.430000000000,0.077100000000
1505392912,3589.320000000000,0.082700000000
1505392913,3589.320000000000,0.017300000000
1505392914,3587.940000000000,1.768500000000
1505392914,3582.300000000000,2.937400000000
1505392920,3586.870000000000,0.193300000000
1505392925,3583.340000000000,0.100000000000
1505392926,3584.650000000000,0.150000000000
1505392929,3583.350000000000,0.019300000000
1505392940,3574.600000000000,0.474200000000
1505392948,3574.510000000000,2.534600000000
1505392948,3571.500000000000,1.704000000000
1505392949,3571.500000000000,0.137100000000
1505392958,3573.560000000000,3.499700000000
1505392958,3573.700000000000,1.307000000000
1505392965,3572.000000000000,3.294700000000
1505392971,3568.990000000000,0.012900000000
1505392977,3569.000000000000,0.000600000000
1505392978,3568.360000000000,0.227600000000
1505392978,3568.360000000000,0.177300000000
1505392979,3568.140000000000,1.338800000000
1505392979,3568.360000000000,0.010000000000
1505392981,3567.220000000000,0.677800000000
1505392982,3567.220000000000,0.338900000000
1505392984,3566.540000000000,0.417000000000
1505392985,3566.540000000000,0.121700000000
1505392985,3566.540000000000,0.243300000000
1505392986,3566.540000000000,1.134200000000
1505392986,3564.500000000000,0.293800000000
1505392994,3564.400000000000,0.014300000000
1505393007,3556.540000000000,0.109600000000
1505393016,3555.540000000000,0.006000000000
1505393023,3554.090000000000,0.072300000000
1505393032,3553.830000000000,2.854800000000
1505393032,3553.180000000000,0.001100000000
1505393034,3551.890000000000,2.855900000000
1505393040,3551.130000000000,0.005400000000
1505393055,3550.000000000000,0.360000000000
1505393056,3550.000000000000,0.360000000000
1505393056,3550.000000000000,0.360000000000
1505393056,3550.000000000000,0.360000000000
1505393057,3550.000000000000,0.360000000000
1505393057,3550.000000000000,0.360000000000
1505393058,3550.000000000000,0.360000000000
1505393058,3550.000000000000,0.360000000000
1505393059,3550.000000000000,0.360000000000
1505393059,3550.000000000000,0.360000000000
1505393059,3550.000000000000,0.360000000000
1505393060,3550.000000000000,0.360000000000
1505393060,3550.000000000000,0.360000000000
1505393061,3550.000000000000,0.360000000000
1505393061,3550.000000000000,0.360000000000
1505393061,3550.000000000000,0.360000000000
1505393062,3550.000000000000,0.360000000000
1505393062,3550.000000000000,0.360000000000
1505393062,3550.000000000000,0.360000000000
1505393063,3550.000000000000,0.160000000000
1505393064,3550.000000000000,0.360000000000
1505393064,3550.000000000000,0.200000000000
1505393065,3550.000000000000,0.360000000000
1505393065,3550.000000000000,0.360000000000
1505393065,3550.000000000000,0.360000000000
1505393066,3550.000000000000,0.360000000000
1505393066,3550.000000000000,0.360000000000
1505393067,3550.000000000000,0.134800000000
1505393067,3550.000000000000,0.360000000000
1505393084,3547.150000000000,0.500000000000
1505393089,3547.800000000000,0.009000000000
1505393096,3546.620000000000,0.155000000000
1505393099,3547.800000000000,0.071600000000
1505393109,3547.140000000000,0.719500000000
1505393113,3547.480000000000,0.038600000000
1505393132,3544.900000000000,2.018100000000
1505393160,3544.330000000000,0.025900000000
1505393175,3544.900000000000,2.818000000000
1505393185,3545.040000000000,0.100000000000
1505393192,3545.770000000000,2.814000000000
1505393196,3546.230000000000,0.300000000000
1505393196,3546.230000000000,0.300000000000
1505393196,3546.230000000000,0.300000000000
1505393197,3546.230000000000,0.300000000000
1505393197,3546.230000000000,0.033000000000
1505393198,3544.480000000000,0.300000000000
1505393198,3544.480000000000,0.300000000000
1505393198,3544.480000000000,0.267000000000
1505393199,3542.000000000000,0.011100000000
1505393199,3544.480000000000,0.288900000000
1505393199,3544.480000000000,0.300000000000
1505393199,3544.480000000000,0.300000000000
1505393200,3542.000000000000,0.300000000000
1505393200,3542.000000000000,0.300000000000
1505393200,3542.000000000000,0.300000000000
1505393201,3542.000000000000,0.300000000000
1505393201,3542.000000000000,0.300000000000
1505393202,3542.000000000000,0.300000000000
1505393202,3542.000000000000,0.300000000000
1505393203,3542.000000000000,0.300000000000
1505393203,3542.000000000000,0.300000000000
1505393203,3542.000000000000,0.288900000000
1505393204,3542.000000000000,0.011100000000
1505393204,3542.000000000000,0.008900000000
1505393205,3541.000000000000,0.152000000000
1505393206,3541.000000000000,0.300000000000
1505393206,3541.000000000000,0.300000000000
1505393206,3541.000000000000,0.139100000000
1505393207,3541.000000000000,0.300000000000
1505393207,3541.000000000000,0.300000000000
1505393207,3541.000000000000,0.300000000000
1505393207,3541.000000000000,0.072700000000
1505393208,3541.000000000000,0.300000000000
1505393208,3541.000000000000,0.300000000000
1505393208,3541.000000000000,0.227300000000
1505393209,3541.000000000000,0.300000000000
1505393209,3541.000000000000,0.300000000000
1505393209,3541.000000000000,0.300000000000
1505393209,3541.000000000000,0.205000000000
1505393210,3541.000000000000,0.300000000000
1505393210,3541.000000000000,0.300000000000
1505393210,3541.000000000000,0.300000000000
1505393210,3541.000000000000,0.095000000000
1505393210,3541.000000000000,0.300000000000
1505393210,3541.000000000000,0.300000000000
1505393211,3541.000000000000,0.300000000000
1505393211,3541.000000000000,0.038300000000
1505393211,3541.000000000000,0.261700000000
1505393212,3541.000000000000,0.300000000000
1505393212,3541.000000000000,0.300000000000
1505393212,3541.000000000000,0.300000000000
1505393212,3541.000000000000,0.300000000000
1505393212,3541.000000000000,0.300000000000
1505393213,3541.000000000000,0.300000000000
1505393213,3541.000000000000,0.127000000000
1505393213,3541.000000000000,0.300000000000
1505393214,3541.000000000000,0.300000000000
1505393214,3541.000000000000,0.300000000000
1505393214,3541.000000000000,0.300000000000
1505393214,3541.000000000000,0.173000000000
1505393215,3541.000000000000,0.300000000000
1505393215,3541.000000000000,0.300000000000
1505393215,3541.000000000000,0.300000000000
1505393215,3541.000000000000,0.272500000000
1505393216,3541.000000000000,0.300000000000
1505393216,3541.000000000000,0.300000000000
1505393216,3541.000000000000,0.027500000000
1505393217,3541.000000000000,0.300000000000
1505393217,3541.000000000000,0.300000000000
1505393218,3541.000000000000,0.300000000000
1505393218,3541.000000000000,0.300000000000
1505393219,3541.000000000000,0.300000000000
1505393219,3541.000000000000,0.300000000000
1505393219,3541.000000000000,0.300000000000
1505393220,3541.000000000000,0.300000000000
1505393220,3541.000000000000,0.300000000000
1505393221,3541.000000000000,0.300000000000
1505393221,3541.000000000000,0.300000000000
1505393221,3541.000000000000,0.300000000000
1505393222,3541.000000000000,0.172500000000
1505393222,3541.000000000000,0.300000000000
1505393222,3541.000000000000,0.300000000000
1505393223,3541.000000000000,0.127500000000
1505393224,3541.000000000000,0.300000000000
1505393224,3541.000000000000,0.300000000000
1505393224,3541.000000000000,0.300000000000
1505393224,3541.000000000000,0.300000000000
1505393224,3541.000000000000,0.300000000000
1505393224,3541.000000000000,0.300000000000
1505393225,3541.000000000000,0.300000000000
1505393225,3541.000000000000,0.300000000000
1505393225,3541.000000000000,0.189300000000
1505393226,3541.000000000000,0.300000000000
1505393226,3541.000000000000,0.110700000000
1505393226,3541.000000000000,0.246500000000
1505393226,3541.000000000000,0.300000000000
1505393242,3550.330000000000,2.258100000000
1505393242,3547.970000000000,0.952900000000
1505393242,3548.300000000000,2.000000000000
1505393243,3547.100000000000,0.089000000000
1505393250,3555.150000000000,0.012300000000
1505393254,3557.030000000000,0.100000000000
1505393255,3557.850000000000,0.100000000000
1505393290,3562.000000000000,0.012300000000
1505393292,3562.000000000000,2.534700000000
1505393297,3562.000000000000,1.357100000000
1505393299,3562.000000000000,1.095900000000
1505393301,3562.950000000000,0.100000000000
1505393329,3567.370000000000,0.097700000000
1505393341,3567.970000000000,0.025700000000
1505393350,3571.990000000000,0.100000000000
1505393350,3568.700000000000,2.606200000000
1505393351,3573.600000000000,5.647200000000
1505393351,3574.000000000000,2.214500000000
1505393351,3574.000000000000,2.732900000000
1505393352,3574.000000000000,1.596600000000
1505393352,3574.000000000000,2.520000000000
1505393352,3574.000000000000,2.582600000000
1505393370,3575.850000000000,0.004100000000
1505393428,3580.280000000000,0.009700000000
1505393464,3582.990000000000,0.018100000000
1505393474,3577.940000000000,0.392000000000
1505393488,3576.050000000000,0.100000000000
1505393498,3575.400000000000,1.275300000000
1505393499,3575.400000000000,1.658000000000
1505393500,3575.400000000000,0.000100000000
1505393501,3575.400000000000,1.392500000000
1505393503,3577.150000000000,0.252900000000
1505393506,3579.960000000000,0.007800000000
1505393515,3576.780000000000,0.152000000000
1505393521,3576.790000000000,5.000000000000
1505393521,3577.050000000000,1.658100000000
1505393522,3576.020000000000,0.152000000000
1505393560,3572.430000000000,0.086900000000
1505393578,3567.570000000000,0.653200000000
1505393578,3567.570000000000,1.599300000000
1505393578,3572.240000000000,2.747500000000
1505393583,3569.460000000000,1.558000000000
1505393583,3569.460000000000,1.236000000000
1505393593,3568.610000000000,2.800100000000
1505393594,3567.240000000000,0.019900000000
1505393595,3567.240000000000,0.020000000000
1505393616,3560.100000000000,0.046800000000
1505393623,3557.760000000000,2.379600000000
1505393624,3557.010000000000,1.816600000000
1505393626,3557.000000000000,0.020000000000
1505393627,3555.760000000000,0.780600000000
1505393639,3556.490000000000,0.008100000000
1505393641,3553.620000000000,2.000000000000
1505393643,3553.630000000000,0.000100000000
1505393647,3556.040000000000,0.003600000000
1505393648,3556.040000000000,0.006100000000
1505393651,3556.040000000000,0.072500000000
1505393661,3556.460000000000,0.010800000000
1505393668,3555.000000000000,4.000000000000
1505393669,3555.000000000000,0.999900000000
1505393674,3552.410000000000,0.250000000000
1505393677,3551.730000000000,2.421900000000
1505393678,3552.400000000000,2.328000000000
1505393680,3550.450000000000,0.250000000000
1505393681,3550.450000000000,0.003200000000
1505393683,3550.440000000000,2.808000000000
1505393701,3546.460000000000,0.024500000000
1505393707,3545.000000000000,5.000000000000
1505393714,3545.000000000000,0.235700000000
1505393716,3545.000000000000,0.028000000000
1505393718,3545.000000000000,4.736200000000
1505393721,3544.990000000000,0.099900000000
1505393721,3544.990000000000,0.000100000000
1505393725,3545.000000000000,2.651600000000
1505393726,3545.000000000000,1.776300000000
1505393726,3545.000000000000,1.893000000000
1505393727,3545.000000000000,2.058000000000
1505393727,3545.910000000000,0.487700000000
1505393727,3545.000000000000,1.621200000000
1505393733,3545.860000000000,2.769700000000
1505393734,3543.290000000000,3.508400000000
1505393734,3545.860000000000,0.039300000000
1505393734,3548.070000000000,1.391700000000
1505393737,3545.860000000000,0.145000000000
1505393764,3539.800000000000,0.008700000000
1505393770,3538.050000000000,0.029400000000
1505393777,3538.000000000000,0.100000000000
1505393784,3535.040000000000,0.110200000000
1505393806,3520.460000000000,0.011300000000
1505393809,3516.260000000000,0.110800000000
1505393810,3517.210000000000,0.097400000000
1505393820,3518.580000000000,1.836900000000
1505393832,3519.800000000000,0.027300000000
1505393834,3520.300000000000,0.020500000000
1505393847,3512.090000000000,0.100000000000
1505393862,3501.520000000000,0.040000000000
1505393862,3509.600000000000,2.673800000000
1505393862,3503.000000000000,0.100000000000
1505393862,3504.730000000000,4.196100000000
1505393863,3500.100000000000,0.025000000000
1505393863,3501.000000000000,1.000000000000
1505393864,3500.000000000000,2.000000000000
1505393864,3500.010000000000,0.111300000000
1505393865,3500.000000000000,10.560000000000
1505393865,3500.000000000000,2.000000000000
1505393866,3500.000000000000,0.500000000000
1505393866,3500.000000000000,2.210200000000
1505393866,3500.000000000000,2.040800000000
1505393867,3500.000000000000,2.431200000000
1505393867,3500.000000000000,2.556800000000
1505393867,3500.000000000000,3.230600000000
1505393868,3500.000000000000,1.983500000000
1505393868,3500.000000000000,3.994500000000
1505393868,3500.000000000000,4.102800000000
1505393868,3500.000000000000,2.432700000000
1505393869,3500.000000000000,2.085400000000
1505393869,3500.000000000000,2.281700000000
1505393869,3500.000000000000,2.992300000000
1505393870,3500.000000000000,1.554600000000
1505393870,3500.000000000000,0.895500000000
1505393870,3500.000000000000,1.440100000000
1505393870,3500.000000000000,2.133400000000
1505393871,3500.000000000000,2.247200000000
1505393871,3500.000000000000,1.667800000000
1505393872,3500.000000000000,1.718800000000
1505393872,3500.000000000000,1.594300000000
1505393872,3500.000000000000,1.832300000000
1505393872,3500.000000000000,0.915000000000
1505393873,3500.000000000000,1.112800000000
1505393874,3500.000000000000,1.139000000000
1505393880,3498.170000000000,0.030000000000
1505393892,3499.990000000000,0.030500000000
1505393896,3498.000000000000,1.182600000000
1505393896,3498.000000000000,3.817400000000
1505393910,3494.290000000000,0.795900000000
1505393913,3494.280000000000,3.355700000000
1505393914,3494.280000000000,1.644300000000
1505393921,3494.560000000000,0.010300000000
1505393929,3494.490000000000,3.399900000000
1505393930,3494.490000000000,1.600100000000
1505393960,3490.840000000000,0.031200000000
1505393962,3490.840000000000,0.003200000000
1505393982,3490.590000000000,3.423500000000
1505393982,3495.770000000000,0.517600000000
1505393985,3491.130000000000,0.075600000000
1505393993,3490.000000000000,1.000000000000
1505394002,3485.860000000000,0.018600000000
1505394005,3485.310000000000,3.033600000000
1505394006,3485.430000000000,0.000100000000
1505394006,3489.910000000000,1.966300000000
1505394007,3485.530000000000,0.036800000000
1505394034,3480.290000000000,2.824400000000
1505394050,3480.160000000000,0.044100000000
1505394051,3479.880000000000,0.044000000000
1505394071,3477.080000000000,0.036500000000
1505394091,3468.110000000000,2.729500000000
1505394091,3472.620000000000,5.000000000000
1505394091,3473.860000000000,1.825800000000
1505394092,3463.710000000000,0.112500000000
1505394092,3462.840000000000,4.999700000000
1505394092,3462.360000000000,1.237000000000
1505394093,3454.440000000000,0.040000000000
1505394093,3456.120000000000,8.240100000000
1505394094,3450.000000000000,2.256000000000
1505394094,3450.000000000000,1.840600000000
1505394094,3450.000000000000,1.079400000000
1505394094,3450.050000000000,1.500000000000
1505394095,3450.000000000000,1.711500000000
1505394095,3450.000000000000,4.067000000000
1505394095,3450.000000000000,3.431500000000
1505394096,3450.000000000000,5.371000000000
1505394096,3450.000000000000,6.698300000000
1505394098,3450.000000000000,47.860100000000
1505394100,3467.080000000000,0.008300000000
1505394100,3467.080000000000,0.041000000000
1505394113,3468.940000000000,0.036800000000
1505394118,3467.390000000000,0.033000000000
1505394126,3466.900000000000,3.713500000000
1505394127,3466.900000000000,0.217500000000
1505394130,3464.060000000000,0.100000000000
1505394139,3462.330000000000,0.004700000000
1505394148,3462.520000000000,1.000000000000
1505394156,3462.320000000000,0.041500000000
1505394166,3460.480000000000,0.100000000000
1505394180,3460.890000000000,3.504700000000
1505394184,3460.920000000000,0.700000000000
1505394186,3460.920000000000,0.017700000000
1505394187,3460.920000000000,0.045700000000
1505394211,3462.820000000000,3.664000000000
1505394213,3460.900000000000,0.149000000000
1505394215,3460.890000000000,0.100000000000
1505394216,3455.080000000000,2.879000000000
1505394220,3454.880000000000,0.250000000000
1505394223,3451.240000000000,0.049200000000
1505394246,3449.790000000000,0.700000000000
1505394263,3440.000000000000,3.687100000000
1505394263,3440.010000000000,0.113300000000
1505394264,3440.000000000000,4.088300000000
1505394265,3440.000000000000,4.146300000000
1505394265,3440.000000000000,3.402300000000
1505394268,3442.000000000000,1.816500000000
1505394268,3440.330000000000,3.183500000000
1505394272,3440.800000000000,0.004200000000
1505394283,3445.660000000000,2.333900000000
1505394283,3440.860000000000,2.666100000000
1505394289,3440.480000000000,0.111300000000
1505394291,3437.520000000000,3.099000000000
1505394295,3437.060000000000,0.149000000000
1505394305,3454.090000000000,0.600000000000
1505394305,3447.040000000000,0.100000000000
1505394341,3445.510000000000,1.508200000000
1505394354,3445.520000000000,0.113100000000
1505394355,3444.810000000000,0.150000000000
1505394357,3444.810000000000,0.113100000000
1505394358,3444.810000000000,1.123800000000
1505394359,3468.190000000000,0.116900000000
1505394361,3468.190000000000,0.217700000000
1505394361,3468.190000000000,0.100000000000
1505394362,3468.190000000000,0.000100000000
1505394368,3442.200000000000,0.167000000000
1505394369,3478.850000000000,0.533000000000
1505394372,3438.200000000000,1.933300000000
1505394386,3428.350000000000,0.113700000000
1505394387,3428.280000000000,0.143300000000
1505394389,3440.750000000000,2.920000000000
1505394390,3445.510000000000,0.001000000000
1505394391,3450.000000000000,0.219000000000
1505394394,3428.280000000000,0.147000000000
1505394423,3438.150000000000,0.700000000000
1505394436,3428.280000000000,2.904000000000
1505394437,3428.240000000000,0.113700000000
1505394437,3428.230000000000,3.462300000000
1505394458,3431.150000000000,2.331000000000
1505394498,3450.700000000000,0.002400000000
1505394520,3450.000000000000,0.034500000000
1505394522,3450.000000000000,0.655600000000
1505394530,3450.000000000000,0.309900000000
1505394552,3465.800000000000,2.000000000000
1505394571,3481.370000000000,0.000100000000
1505394592,3482.010000000000,2.690100000000
1505394604,3484.000000000000,0.700000000000
1505394716,3483.990000000000,0.050000000000
1505394717,3483.990000000000,0.050000000000
1505394723,3484.000000000000,0.012500000000
1505394726,3483.990000000000,0.100000000000
1505394741,3484.000000000000,0.021200000000
1505394746,3483.990000000000,0.100000000000
1505394748,3484.000000000000,0.005200000000
1505394749,3484.000000000000,0.007900000000
1505394755,3483.990000000000,0.189000000000
1505394756,3483.990000000000,0.061000000000
1505394758,3484.000000000000,0.286900000000
1505394772,3499.220000000000,0.027900000000
1505394785,3496.990000000000,0.604700000000
1505394786,3497.000000000000,0.095300000000
1505394790,3499.230000000000,0.008700000000
1505394796,3496.000000000000,0.016800000000
1505394836,3495.890000000000,0.074700000000
1505394845,3495.180000000000,0.700000000000
1505394916,3485.800000000000,0.074300000000
1505394939,3485.720000000000,0.074300000000
1505394948,3485.720000000000,0.016500000000
1505394949,3483.520000000000,0.101000000000
1505394950,3483.520000000000,0.100000000000
1505394964,3473.960000000000,0.008800000000
1505394970,3469.940000000000,0.020000000000
1505395084,3471.730000000000,0.100000000000
1505395085,3492.920000000000,0.600000000000
1505395201,3499.230000000000,0.001300000000
1505395201,3499.220000000000,0.100000000000
1505395253,3522.680000000000,0.016800000000
1505395253,3518.730000000000,0.983200000000
1505395363,3532.500000000000,0.010000000000
1505395497,3508.630000000000,0.010000000000
1505395630,3475.810000000000,0.164000000000
1505395632,3475.810000000000,0.016300000000
1505395632,3475.810000000000,0.032500000000
1505395635,3473.710000000000,3.296000000000
1505395636,3474.710000000000,2.718300000000
1505395637,3477.120000000000,0.934600000000
1505395638,3475.270000000000,0.000100000000
1505395639,3475.270000000000,0.004200000000
1505395641,3475.270000000000,0.144000000000
1505395652,3477.120000000000,1.240600000000
1505395652,3477.100000000000,3.759300000000
1505395660,3480.400000000000,0.013000000000
1505395663,3483.210000000000,0.010000000000
1505395666,3484.330000000000,0.959400000000
1505395666,3483.210000000000,0.090000000000
1505395666,3484.330000000000,0.088800000000
1505395673,3486.770000000000,0.012500000000
1505395679,3490.580000000000,0.293200000000
1505395680,3490.580000000000,0.100200000000
1505395682,3497.170000000000,0.082600000000
1505395685,3491.620000000000,0.700000000000
1505395694,3491.620000000000,0.006500000000
1505395709,3492.690000000000,0.037200000000
1505395717,3495.750000000000,0.901800000000
1505395719,3495.750000000000,0.308500000000
1505395721,3496.830000000000,0.725100000000
1505395721,3495.750000000000,2.139000000000
1505395723,3495.740000000000,3.221400000000
1505395726,3495.670000000000,0.925600000000
1505395731,3495.690000000000,1.200000000000
1505395734,3495.690000000000,1.760500000000
1505395734,3495.930000000000,0.018500000000
1505395743,3495.930000000000,0.700000000000
1505395750,3498.210000000000,1.778600000000
1505395766,3492.680000000000,0.050000000000
1505395767,3491.230000000000,0.003200000000
1505395771,3491.230000000000,0.948000000000
1505395780,3490.360000000000,0.002400000000
1505395789,3488.980000000000,0.032000000000
1505395791,3488.980000000000,0.074100000000
1505395810,3488.970000000000,0.500000000000
1505395849,3490.260000000000,2.300300000000
1505395850,3488.600000000000,0.558700000000
1505395864,3481.830000000000,0.700000000000
1505395884,3486.180000000000,0.020000000000
1505395885,3486.180000000000,0.020000000000
1505395885,3486.180000000000,0.087500000000
1505395895,3488.580000000000,0.044300000000
1505395942,3493.260000000000,0.098000000000
1505395988,3491.040000000000,0.088700000000
1505395994,3490.970000000000,1.100000000000
1505395994,3490.970000000000,0.049000000000
1505395998,3490.430000000000,0.049000000000
1505396000,3490.430000000000,0.050000000000
1505396003,3490.430000000000,0.037200000000
1505396006,3493.890000000000,0.016500000000
1505396027,3492.900000000000,0.011100000000
1505396046,3494.000000000000,0.098900000000
1505396058,3494.000000000000,0.016500000000
1505396070,3494.000000000000,0.014800000000
1505396095,3494.000000000000,3.279000000000
1505396096,3494.540000000000,0.019000000000
1505396104,3494.540000000000,0.055600000000
1505396105,3494.540000000000,0.021400000000
1505396144,3503.470000000000,0.033000000000
1505396157,3501.280000000000,0.500000000000
1505396195,3513.310000000000,2.840000000000
1505396196,3512.630000000000,0.100000000000
1505396200,3514.780000000000,0.010000000000
1505396214,3523.390000000000,0.033000000000
1505396244,3539.000000000000,0.100000000000
1505396265,3540.090000000000,0.489700000000
1505396265,3540.360000000000,2.820000000000
1505396307,3549.080000000000,0.074200000000
1505396308,3549.080000000000,0.009800000000
1505396326,3552.270000000000,0.010000000000
1505396333,3556.440000000000,0.016400000000
1505396364,3565.430000000000,0.097800000000
1505396394,3568.950000000000,0.099000000000
1505396406,3572.660000000000,0.018500000000
1505396415,3574.300000000000,0.007200000000
1505396435,3573.840000000000,1.001200000000
1505396448,3574.930000000000,0.000600000000
1505396453,3572.590000000000,0.137000000000
1505396453,3572.590000000000,0.010000000000
1505396456,3571.010000000000,0.033000000000
1505396488,3569.920000000000,0.043000000000
1505396491,3567.100000000000,0.043000000000
1505396499,3565.630000000000,0.032300000000
1505396500,3565.530000000000,0.010000000000
1505396505,3566.820000000000,0.004100000000
1505396582,3546.760000000000,0.699500000000
1505396587,3542.920000000000,0.040500000000
1505396613,3530.990000000000,0.008100000000
1505396654,3525.250000000000,0.010900000000
1505396677,3524.610000000000,0.003600000000
1505396678,3524.610000000000,0.009700000000
1505396691,3526.340000000000,0.016500000000
1505396702,3526.280000000000,0.097400000000
1505396703,3526.280000000000,0.016100000000
1505396704,3526.280000000000,0.036400000000
1505396719,3524.080000000000,0.032400000000
1505396732,3525.200000000000,0.004600000000
1505396733,3525.200000000000,0.082300000000
1505396771,3524.870000000000,0.016400000000
1505396772,3524.870000000000,1.368500000000
1505396773,3524.870000000000,1.362700000000
1505396773,3524.870000000000,0.086400000000
1505396778,3527.910000000000,0.072700000000
1505396782,3527.810000000000,0.010400000000
1505396799,3528.370000000000,0.107400000000
1505396799,3528.370000000000,2.286800000000
1505396825,3541.760000000000,0.006500000000
1505396832,3543.920000000000,0.009200000000
1505396865,3556.810000000000,0.020500000000
1505396883,3558.280000000000,0.005300000000
1505396890,3558.280000000000,0.004700000000
1505396891,3563.400000000000,0.018400000000
1505396897,3569.040000000000,0.008700000000
1505396912,3568.970000000000,0.500000000000
1505396955,3578.600000000000,0.016200000000
1505396958,3578.010000000000,0.073600000000
1505396961,3577.230000000000,2.374100000000
1505396962,3577.230000000000,0.198000000000
1505396962,3577.230000000000,1.525900000000
1505396967,3574.810000000000,0.198000000000
1505397003,3570.760000000000,0.032700000000
1505397061,3564.620000000000,2.358700000000
1505397064,3564.620000000000,0.440300000000
1505397085,3564.010000000000,0.003200000000
1505397094,3558.940000000000,0.010000000000
1505397105,3561.400000000000,0.032700000000
1505397130,3556.180000000000,1.216600000000
1505397130,3558.210000000000,1.587400000000
1505397156,3559.000000000000,0.100000000000
1505397232,3554.430000000000,0.016100000000
1505397234,3554.430000000000,0.027500000000
1505397240,3554.400000000000,2.155600000000
1505397241,3554.400000000000,0.652400000000
1505397256,3554.000000000000,0.100000000000
1505397261,3553.670000000000,0.016300000000
1505397288,3555.690000000000,0.097400000000
1505397296,3555.810000000000,0.006300000000
1505397309,3555.170000000000,0.006400000000
1505397315,3555.120000000000,0.003200000000
1505397352,3550.000000000000,0.025200000000
1505397378,3546.980000000000,0.018800000000
1505397379,3546.000000000000,0.025000000000
1505397384,3545.450000000000,0.032400000000
1505397402,3544.320000000000,2.000000000000
1505397421,3540.000000000000,0.022200000000
1505397421,3541.660000000000,0.100000000000
1505397432,3538.720000000000,0.072600000000
1505397433,3538.720000000000,0.007700000000
1505397459,3533.910000000000,2.000000000000
1505397463,3534.440000000000,2.000000000000
1505397483,3536.300000000000,0.020400000000
1505397507,3532.570000000000,2.664800000000
1505397507,3533.000000000000,0.020000000000
1505397508,3532.570000000000,0.162200000000
1505397520,3531.420000000000,2.000000000000
1505397532,3533.930000000000,2.824000000000
1505397544,3534.240000000000,0.007200000000
1505397545,3534.240000000000,1.996700000000
1505397546,3534.240000000000,0.818100000000
1505397548,3536.540000000000,2.662200000000
1505397549,3536.540000000000,0.160800000000
1505397591,3546.490000000000,0.016200000000
1505397629,3555.960000000000,1.300000000000
1505397637,3555.910000000000,0.446300000000
1505397637,3555.910000000000,2.360700000000
1505397639,3555.750000000000,0.159000000000
1505397643,3555.750000000000,0.015800000000
1505397672,3557.580000000000,0.011200000000
1505397706,3555.320000000000,0.047500000000
1505397707,3553.720000000000,0.100000000000
1505397716,3551.070000000000,1.644500000000
1505397717,3551.070000000000,1.168500000000
1505397723,3556.110000000000,0.007300000000
1505397726,3556.060000000000,0.016300000000
1505397729,3556.060000000000,0.097900000000
1505397736,3553.600000000000,0.063300000000
1505397746,3550.530000000000,2.243400000000
1505397747,3550.530000000000,0.568600000000
1505397801,3549.260000000000,2.088100000000
1505397801,3549.260000000000,2.734300000000
1505397802,3549.260000000000,1.777600000000
1505397805,3551.700000000000,0.082800000000
1505397813,3546.460000000000,0.006400000000
1505397825,3546.360000000000,0.073000000000
1505397826,3546.410000000000,0.003200000000
1505397831,3546.430000000000,0.012200000000
1505397915,3545.000000000000,1.000000000000
1505397916,3544.920000000000,0.788800000000
1505397916,3544.920000000000,2.030200000000
1505397946,3545.980000000000,0.003500000000
1505397947,3545.980000000000,0.073300000000
1505397984,3530.000000000000,0.025000000000
1505397986,3530.630000000000,0.002200000000
1505397999,3523.000000000000,0.050000000000
1505398008,3516.000000000000,0.075000000000
1505398036,3502.980000000000,2.454700000000
1505398036,3502.980000000000,0.395300000000
1505398044,3500.220000000000,0.004100000000
1505398072,3491.040000000000,1.000000000000
1505398096,3484.480000000000,0.097400000000
1505398110,3484.000000000000,0.010000000000
1505398122,3482.270000000000,2.867000000000
1505398123,3482.320000000000,2.133000000000
1505398130,3479.820000000000,0.098000000000
1505398132,3479.770000000000,0.007300000000
1505398189,3482.550000000000,2.269800000000
1505398228,3497.400000000000,2.604800000000
1505398229,3497.400000000000,0.247200000000
1505398233,3503.890000000000,0.042400000000
1505398238,3504.780000000000,0.100000000000
1505398263,3513.120000000000,0.700000000000
1505398276,3512.660000000000,0.018400000000
1505398341,3522.990000000000,0.003600000000
1505398344,3522.990000000000,0.002000000000
1505398346,3519.220000000000,2.754500000000
1505398347,3520.250000000000,0.080500000000
1505398351,3517.350000000000,0.935000000000
1505398351,3517.350000000000,1.000000000000
1505398351,3517.230000000000,0.065000000000
1505398351,3517.230000000000,1.000000000000
1505398352,3517.230000000000,1.000000000000
1505398352,3517.230000000000,1.000000000000
1505398353,3515.000000000000,1.000000000000
1505398353,3517.230000000000,1.000000000000
1505398353,3515.000000000000,0.365000000000
1505398353,3517.230000000000,0.635000000000
1505398354,3515.000000000000,0.340500000000
1505398354,3515.000000000000,1.000000000000
1505398354,3515.000000000000,0.659500000000
1505398367,3520.210000000000,0.199300000000
1505398382,3525.700000000000,0.020600000000
1505398415,3526.220000000000,0.004100000000
1505398433,3525.300000000000,0.238000000000
1505398433,3524.400000000000,0.962000000000
1505398434,3524.400000000000,0.668000000000
1505398434,3524.400000000000,1.200000000000
1505398435,3524.350000000000,1.099000000000
1505398435,3524.350000000000,0.532000000000
1505398435,3523.200000000000,0.100000000000
1505398436,3520.000000000000,1.200000000000
1505398436,3520.000000000000,0.001000000000
1505398436,3520.000000000000,1.200000000000
1505398436,3520.000000000000,1.068900000000
1505398436,3520.000000000000,0.131100000000
1505398437,3520.000000000000,0.400000000000
1505398437,3520.000000000000,1.200000000000
1505398451,3526.020000000000,0.003800000000
1505398470,3527.200000000000,0.012600000000
1505398487,3523.560000000000,2.833000000000
1505398494,3520.000000000000,2.547500000000
1505398494,3520.000000000000,2.007700000000
1505398495,3520.000000000000,1.444800000000
1505398501,3523.710000000000,0.004900000000
1505398558,3498.270000000000,0.008900000000
1505398579,3488.300000000000,0.024800000000
1505398582,3488.250000000000,0.744900000000
1505398582,3488.250000000000,2.116100000000
1505398590,3491.280000000000,0.073600000000
1505398594,3491.230000000000,0.006300000000
1505398615,3489.630000000000,0.008300000000
1505398622,3489.580000000000,0.009900000000
1505398642,3492.930000000000,0.286100000000
1505398642,3492.930000000000,1.371300000000
1505398642,3492.930000000000,1.197600000000
1505398642,3491.220000000000,0.100000000000
1505398661,3500.140000000000,0.016500000000
1505398662,3501.520000000000,0.100000000000
1505398671,3503.090000000000,2.683300000000
1505398672,3503.090000000000,0.167700000000
1505398673,3502.430000000000,0.112000000000
1505398687,3504.180000000000,0.008200000000
1505398690,3504.210000000000,1.945500000000
1505398691,3504.210000000000,0.902500000000
1505398696,3509.960000000000,0.081900000000
1505398714,3513.150000000000,0.065600000000
1505398720,3510.540000000000,2.843000000000
1505398756,3513.010000000000,0.003400000000
1505398771,3513.870000000000,0.008800000000
1505398781,3516.440000000000,0.003200000000
1505398795,3515.200000000000,0.051000000000
1505398796,3515.150000000000,0.949000000000
1505398849,3519.630000000000,2.582700000000
1505398857,3522.850000000000,2.675300000000
1505398858,3522.850000000000,0.158700000000
1505398860,3527.680000000000,0.004700000000
1505398861,3527.680000000000,0.074000000000
1505398871,3526.340000000000,1.200000000000
1505398871,3525.220000000000,2.328500000000
1505398872,3525.220000000000,0.502500000000
1505398873,3523.990000000000,0.049000000000
1505398878,3525.570000000000,1.384300000000
1505398878,3525.570000000000,1.444700000000
1505398917,3522.500000000000,0.003600000000
1505398917,3522.500000000000,0.037100000000
1505398917,3522.500000000000,0.009800000000
1505398941,3519.180000000000,0.010300000000
1505398961,3519.350000000000,0.098700000000
1505398962,3519.350000000000,0.098700000000
1505398962,3519.350000000000,0.029800000000
1505398963,3519.350000000000,0.031200000000
1505398963,3519.350000000000,0.007700000000
1505398965,3519.350000000000,0.006000000000
1505398980,3514.990000000000,0.036800000000
1505398993,3515.150000000000,0.018400000000
1505398998,3515.240000000000,0.203200000000
1505398999,3515.240000000000,0.033800000000
1505399041,3508.870000000000,0.018400000000
1505399042,3508.870000000000,2.093100000000
1505399069,3505.800000000000,0.098300000000
1505399106,3501.630000000000,2.681000000000
1505399107,3502.300000000000,0.011000000000
1505399131,3505.520000000000,0.098600000000
1505399134,3505.520000000000,0.003200000000
1505399145,3500.530000000000,0.003900000000
1505399156,3501.030000000000,0.500000000000
1505399182,3504.270000000000,0.025000000000
1505399194,3501.840000000000,2.730100000000
1505399195,3501.840000000000,0.115900000000
1505399196,3501.160000000000,0.500000000000
1505399301,3515.430000000000,1.292900000000
1505399301,3515.430000000000,1.547100000000
1505399346,3524.070000000000,0.008300000000
1505399357,3528.820000000000,0.074000000000
1505399383,3532.560000000000,0.036900000000
1505399386,3543.560000000000,0.006500000000
1505399386,3533.810000000000,0.010000000000
1505399388,3532.510000000000,0.376100000000
1505399388,3533.600000000000,2.448900000000
1505399393,3535.770000000000,0.073800000000
1505399397,3534.150000000000,0.098300000000
1505399409,3533.500000000000,2.323500000000
1505399410,3533.040000000000,0.065000000000
1505399410,3533.500000000000,0.501500000000
1505399417,3532.230000000000,2.396700000000
1505399421,3530.330000000000,0.073800000000
1505399455,3528.940000000000,2.823000000000
1505399455,3529.280000000000,0.010000000000
1505399458,3531.330000000000,0.016500000000
1505399478,3530.990000000000,0.008200000000
1505399486,3531.040000000000,0.003200000000
1505399491,3532.170000000000,1.700000000000
1505399541,3527.890000000000,0.016300000000
1505399552,3528.440000000000,0.098000000000
1505399559,3528.440000000000,0.098800000000
1505399579,3531.670000000000,0.017900000000
1505399632,3535.650000000000,0.018300000000
1505399677,3536.930000000000,0.006200000000
1505399683,3536.290000000000,0.027600000000
1505399684,3536.290000000000,0.002400000000
1505399693,3539.440000000000,0.016300000000
1505399703,3537.180000000000,0.003200000000
1505399705,3537.180000000000,0.150000000000
1505399716,3545.190000000000,0.002000000000
1505399733,3552.110000000000,0.098000000000
1505399768,3562.450000000000,0.060000000000
1505399828,3571.460000000000,0.010000000000
1505399847,3584.580000000000,0.016300000000
1505399956,3609.020000000000,0.036300000000
1505399970,3606.790000000000,0.123000000000
1505399970,3606.040000000000,3.141000000000
1505399973,3606.040000000000,0.459000000000
1505399993,3583.780000000000,0.108700000000
1505400008,3576.230000000000,2.790000000000
1505400017,3574.420000000000,0.010000000000
1505400026,3562.540000000000,0.109400000000
1505400027,3559.360000000000,0.006500000000
1505400028,3559.360000000000,0.083300000000
1505400029,3559.360000000000,0.160000000000
1505400051,3552.790000000000,0.003200000000
1505400051,3552.790000000000,0.098000000000
1505400084,3551.170000000000,0.032600000000
1505400101,3552.180000000000,2.509200000000
1505400103,3552.210000000000,2.264700000000
1505400106,3552.210000000000,0.032800000000
1505400128,3554.770000000000,0.500000000000
1505400143,3555.820000000000,0.018300000000
1505400152,3553.590000000000,2.272400000000
1505400161,3553.870000000000,0.032100000000
1505400167,3556.670000000000,0.016000000000
1505400182,3558.400000000000,0.055300000000
1505400205,3558.430000000000,0.081700000000
1505400224,3567.160000000000,0.013600000000
1505400244,3569.000000000000,0.013000000000
1505400263,3568.640000000000,0.027200000000
1505400272,3569.000000000000,0.987000000000
1505400281,3573.940000000000,0.007300000000
1505400311,3576.280000000000,0.014000000000
1505400328,3576.000000000000,0.008000000000
1505400329,3573.300000000000,2.300000000000
1505400329,3572.470000000000,0.284600000000
1505400331,3576.000000000000,0.178000000000
1505400331,3572.470000000000,2.401800000000
1505400332,3572.470000000000,0.106600000000
1505400336,3572.250000000000,0.029900000000
1505400341,3572.630000000000,0.032000000000
1505400352,3575.740000000000,1.742400000000
1505400364,3570.410000000000,2.394600000000
1505400364,3570.410000000000,0.399400000000
1505400365,3568.350000000000,0.097400000000
1505400374,3568.510000000000,0.040600000000
1505400431,3566.830000000000,0.018100000000
1505400439,3569.280000000000,2.039100000000
1505400440,3569.280000000000,0.756900000000
1505400488,3570.990000000000,0.032300000000
1505400498,3571.090000000000,2.325200000000
1505400499,3571.090000000000,0.468800000000
1505400505,3570.550000000000,0.100000000000
1505400505,3570.740000000000,0.109100000000
1505400512,3571.370000000000,0.145000000000
1505400513,3569.690000000000,2.519900000000
1505400533,3573.210000000000,0.036300000000
1505400599,3580.900000000000,2.622100000000
1505400599,3586.330000000000,0.377900000000
1505400615,3578.680000000000,0.004100000000
1505400627,3583.540000000000,0.014500000000
1505400636,3585.520000000000,0.005400000000
1505400638,3585.520000000000,0.096800000000
1505400646,3587.250000000000,0.207000000000
1505400717,3587.480000000000,0.016100000000
1505400737,3587.480000000000,0.054600000000
1505400770,3586.570000000000,0.097200000000
1505400788,3587.220000000000,0.011100000000
1505400887,3585.000000000000,0.072600000000
1505400902,3584.390000000000,0.010100000000
1505400905,3584.340000000000,0.036400000000
1505400913,3584.070000000000,1.538100000000
1505400914,3582.210000000000,1.246900000000
1505400931,3585.760000000000,0.000200000000
1505400940,3584.870000000000,0.018200000000
1505400986,3574.400000000000,2.792000000000
1505400990,3574.790000000000,0.030000000000
1505400994,3574.780000000000,0.004000000000
1505400995,3574.780000000000,0.018100000000
1505401000,3573.670000000000,0.004000000000
1505401025,3570.860000000000,0.009000000000
1505401028,3570.860000000000,0.072500000000
1505401034,3571.650000000000,0.017400000000
1505401037,3570.490000000000,0.004600000000
1505401050,3567.630000000000,2.367400000000
1505401059,3569.990000000000,0.006400000000
1505401064,3569.990000000000,0.006100000000
1505401068,3569.990000000000,0.097000000000
1505401086,3572.690000000000,0.003200000000
1505401136,3572.630000000000,0.028500000000
1505401176,3572.680000000000,1.969500000000
1505401177,3573.630000000000,1.460800000000
1505401177,3572.680000000000,0.030500000000
1505401212,3578.720000000000,2.789000000000
1505401264,3579.430000000000,0.056000000000
1505401305,3574.870000000000,0.010000000000
1505401373,3572.700000000000,0.097000000000
1505401382,3573.090000000000,0.004100000000
1505401395,3573.090000000000,0.029500000000
1505401419,3572.790000000000,0.004000000000
1505401425,3570.000000000000,2.941500000000
1505401425,3570.000000000000,2.588300000000
1505401425,3567.960000000000,3.292100000000
1505401425,3570.000000000000,1.178100000000
1505401456,3568.270000000000,1.000000000000
1505401500,3560.010000000000,0.109500000000
1505401500,3560.000000000000,2.962300000000
1505401506,3560.000000000000,3.204700000000
1505401514,3560.000000000000,3.087100000000
1505401514,3560.000000000000,2.307100000000
1505401528,3560.000000000000,2.410000000000
1505401528,3560.000000000000,3.143000000000
1505401528,3560.000000000000,2.885800000000
1505401557,3557.550000000000,0.018100000000
1505401562,3557.450000000000,0.072800000000
1505401584,3552.910000000000,1.650000000000
1505401635,3556.140000000000,1.000000000000
1505401649,3560.650000000000,2.786100000000
1505401660,3562.790000000000,0.013000000000
1505401695,3560.470000000000,0.032500000000
1505401709,3562.800000000000,2.000000000000
1505401723,3563.860000000000,2.000000000000
1505401725,3566.980000000000,0.000800000000
1505401731,3563.140000000000,1.900000000000
1505401731,3563.870000000000,0.100000000000
1505401732,3565.980000000000,0.008200000000
1505401740,3558.570000000000,0.304400000000
1505401740,3562.810000000000,1.695600000000
1505401743,3565.880000000000,2.024900000000
1505401744,3565.880000000000,0.776100000000
1505401750,3569.330000000000,0.060000000000
1505401759,3566.220000000000,0.100000000000
1505401764,3565.780000000000,1.947700000000
1505401789,3566.100000000000,2.300900000000
1505401800,3570.110000000000,0.073000000000
1505401800,3570.110000000000,0.033800000000
1505401838,3571.620000000000,1.652700000000
1505401870,3568.220000000000,1.861800000000
1505401870,3568.220000000000,0.936200000000
1505401871,3567.230000000000,0.100000000000
1505401878,3565.140000000000,0.016400000000
1505401879,3565.140000000000,0.016200000000
1505401881,3565.140000000000,0.003100000000
1505401894,3565.570000000000,0.006300000000
1505401901,3565.470000000000,2.799000000000
1505401907,3567.700000000000,0.330300000000
1505401907,3567.700000000000,2.469700000000
1505401922,3568.770000000000,1.029300000000
1505401922,3568.770000000000,1.766700000000
1505401944,3568.000000000000,2.000000000000
1505401962,3572.380000000000,0.048500000000
1505401981,3572.480000000000,0.072800000000
1505401982,3572.480000000000,0.032400000000
1505401983,3572.480000000000,0.027300000000
1505401985,3572.480000000000,0.010900000000
1505401987,3572.480000000000,0.020300000000
1505401992,3572.480000000000,0.018600000000
1505402011,3570.010000000000,0.100000000000
1505402023,3571.270000000000,0.009100000000
1505402026,3571.270000000000,0.016100000000
1505402029,3571.270000000000,0.010200000000
1505402042,3570.050000000000,2.797000000000
1505402043,3570.010000000000,0.572100000000
1505402103,3578.450000000000,0.007200000000
1505402127,3578.740000000000,2.000000000000
1505402131,3581.050000000000,0.041000000000
1505402132,3581.050000000000,0.025000000000
1505402134,3578.790000000000,2.000000000000
1505402136,3581.480000000000,0.007900000000
1505402141,3582.040000000000,0.082100000000
1505402142,3579.430000000000,2.000000000000
1505402151,3578.650000000000,2.000000000000
1505402158,3579.480000000000,0.050000000000
1505402158,3578.650000000000,0.858800000000
1505402159,3574.190000000000,1.091200000000
1505402163,3580.520000000000,1.000000000000
1505402165,3575.960000000000,0.148300000000
1505402165,3581.690000000000,1.851700000000
1505402166,3584.560000000000,0.002000000000
1505402182,3580.240000000000,1.809800000000
1505402182,3580.000000000000,2.472200000000
1505402187,3578.060000000000,2.000000000000
1505402199,3577.200000000000,1.005000000000
1505402200,3580.000000000000,0.082100000000
