1501788014,2790.700000000000,0.179000000000
1501788014,2790.700000000000,0.179000000000
1501788014,2790.700000000000,0.178000000000
1501788014,2790.700000000000,0.179000000000
1501788014,2790.700000000000,0.179000000000
1501788014,2790.700000000000,0.179000000000
1501788015,2790.700000000000,0.179000000000
1501788015,2790.700000000000,0.179000000000
1501788015,2790.700000000000,0.179000000000
1501788015,2790.700000000000,0.179000000000
1501788015,2790.700000000000,0.179000000000
1501788015,2790.700000000000,0.179000000000
1501788015,2790.700000000000,0.179000000000
1501788016,2790.700000000000,0.099000000000
1501788016,2791.370000000000,3.507200000000
1501788016,2791.700000000000,0.179000000000
1501788016,2790.700000000000,0.179000000000
1501788016,2791.370000000000,0.081800000000
1501788017,2791.700000000000,0.179000000000
1501788017,2791.700000000000,0.179000000000
1501788017,2791.700000000000,0.179000000000
1501788017,2791.700000000000,0.179000000000
1501788017,2791.700000000000,0.072500000000
1501788017,2791.700000000000,0.106500000000
1501788018,2792.000000000000,0.010000000000
1501788019,2790.010000000000,0.100000000000
1501788019,2792.530000000000,2.409900000000
1501788019,2790.010000000000,1.490100000000
1501788029,2791.160000000000,2.941600000000
1501788074,2791.300000000000,0.010100000000
1501788075,2791.300000000000,0.224900000000
1501788110,2790.950000000000,0.526000000000
1501788110,2790.950000000000,3.474000000000
1501788111,2791.390000000000,0.000200000000
1501788188,2790.520000000000,0.936000000000
1501788200,2790.520000000000,0.936000000000
1501788262,2791.990000000000,2.128000000000
1501788363,2796.570000000000,2.803800000000
1501788444,2796.950000000000,0.179000000000
1501788444,2796.950000000000,0.179000000000
1501788444,2796.950000000000,0.179000000000
1501788444,2796.950000000000,0.179000000000
1501788445,2796.950000000000,0.179000000000
1501788445,2796.950000000000,0.179000000000
1501788445,2796.950000000000,0.179000000000
1501788445,2796.950000000000,0.179000000000
1501788445,2796.950000000000,0.179000000000
1501788445,2796.950000000000,0.179000000000
1501788446,2797.050000000000,0.000200000000
1501788446,2796.950000000000,0.179000000000
1501788446,2796.950000000000,0.179000000000
1501788446,2796.950000000000,0.179000000000
1501788477,2795.750000000000,2.756600000000
1501788477,2795.750000000000,0.829400000000
1501788483,2796.470000000000,0.178000000000
1501788568,2797.640000000000,0.000200000000
1501788579,2797.640000000000,0.009800000000
1501788579,2798.000000000000,0.010000000000
1501788867,2796.110000000000,2.097700000000
1501788868,2796.110000000000,1.002300000000
1501788868,2795.850000000000,2.704600000000
1501788868,2795.850000000000,0.868400000000
1501788905,2795.130000000000,0.007000000000
1501788908,2795.130000000000,0.011400000000
1501788912,2795.130000000000,0.079600000000
1501788913,2795.130000000000,0.179000000000
1501788913,2795.130000000000,0.179000000000
1501788913,2795.130000000000,0.179000000000
1501788913,2795.130000000000,0.179000000000
1501788914,2795.130000000000,0.179000000000
1501788914,2795.130000000000,0.179000000000
1501788914,2795.130000000000,0.179000000000
1501788915,2795.130000000000,0.179000000000
1501788915,2795.130000000000,0.178000000000
1501788915,2795.130000000000,0.179000000000
1501788916,2795.130000000000,0.179000000000
1501788916,2795.130000000000,0.179000000000
1501788916,2795.130000000000,0.178000000000
1501788917,2795.130000000000,0.179000000000
1501788917,2795.130000000000,0.179000000000
1501788917,2795.130000000000,0.179000000000
1501788918,2795.130000000000,0.179000000000
1501788918,2795.130000000000,0.179000000000
1501788918,2795.130000000000,0.179000000000
1501788919,2795.130000000000,0.179000000000
1501788919,2796.120000000000,0.044700000000
1501788919,2795.580000000000,4.000000000000
1501788919,2795.890000000000,1.893700000000
1501788920,2797.120000000000,1.534600000000
1501788920,2797.120000000000,2.111200000000
1501788920,2796.700000000000,3.575000000000
1501788921,2797.120000000000,1.183200000000
1501788938,2797.320000000000,0.022700000000
1501789065,2796.310000000000,3.577000000000
1501789101,2794.800000000000,2.171500000000
1501789102,2794.800000000000,1.383400000000
1501789102,2794.800000000000,0.021100000000
1501789107,2795.620000000000,2.850000000000
1501789108,2796.530000000000,0.180000000000
1501789108,2796.530000000000,0.180000000000
1501789108,2796.530000000000,0.101000000000
1501789108,2796.530000000000,0.180000000000
1501789108,2796.530000000000,0.180000000000
1501789108,2795.560000000000,1.150000000000
1501789111,2796.050000000000,1.150000000000
1501789112,2794.800000000000,0.517600000000
1501789112,2796.050000000000,2.332400000000
1501789147,2788.370000000000,2.752600000000
1501789242,2781.150000000000,0.179000000000
1501789242,2781.150000000000,0.181000000000
1501789244,2781.150000000000,0.182000000000
1501789245,2783.510000000000,0.182000000000
1501789247,2783.510000000000,0.100000000000
1501789297,2780.000000000000,2.489900000000
1501789297,2781.010000000000,2.832900000000
1501789318,2779.990000000000,1.200000000000
1501789319,2780.000000000000,0.180000000000
1501789319,2780.000000000000,0.181000000000
1501789319,2780.000000000000,0.179000000000
1501789319,2780.000000000000,0.179000000000
1501789320,2781.850000000000,0.180000000000
1501789365,2780.630000000000,2.930600000000
1501789365,2780.630000000000,0.663400000000
1501789456,2781.140000000000,0.179000000000
1501789456,2781.140000000000,0.179000000000
1501789456,2781.140000000000,0.179000000000
1501789456,2781.140000000000,0.179000000000
1501789456,2781.140000000000,0.179000000000
1501789456,2781.140000000000,0.179000000000
1501789456,2781.140000000000,0.179000000000
1501789457,2781.140000000000,0.179000000000
1501789457,2780.840000000000,0.036700000000
1501789457,2780.840000000000,1.414200000000
1501789457,2781.140000000000,0.179000000000
1501789457,2781.140000000000,0.179000000000
1501789458,2780.840000000000,0.528300000000
1501789458,2780.840000000000,1.618800000000
1501789458,2778.430000000000,2.066100000000
1501789458,2778.430000000000,1.324700000000
1501789464,2781.760000000000,3.210200000000
1501789465,2781.820000000000,0.179000000000
1501789465,2781.820000000000,0.180000000000
1501789465,2781.820000000000,0.180000000000
1501789465,2781.820000000000,0.180000000000
1501789465,2781.760000000000,0.789800000000
1501789465,2781.820000000000,0.180000000000
1501789466,2781.820000000000,0.179000000000
1501789466,2781.820000000000,0.179000000000
1501789466,2781.820000000000,0.180000000000
1501789466,2781.820000000000,0.180000000000
1501789466,2781.820000000000,0.180000000000
1501789466,2781.820000000000,0.083600000000
1501789467,2781.820000000000,0.095400000000
1501789469,2781.950000000000,0.180000000000
1501789469,2781.950000000000,0.182000000000
1501789472,2781.950000000000,0.182000000000
1501789472,2781.950000000000,0.180000000000
1501789473,2781.950000000000,0.180000000000
1501789585,2781.440000000000,2.328600000000
1501789585,2781.440000000000,1.671400000000
1501789585,2781.440000000000,1.820200000000
1501789586,2781.440000000000,0.258400000000
1501789586,2781.440000000000,3.028600000000
1501789586,2781.440000000000,2.886100000000
1501789587,2781.450000000000,0.179000000000
1501789587,2781.450000000000,0.179000000000
1501789587,2781.450000000000,0.179000000000
1501789587,2781.450000000000,0.179000000000
1501789587,2781.450000000000,0.179000000000
1501789587,2781.450000000000,0.179000000000
1501789588,2781.500000000000,1.830000000000
1501789588,2781.460000000000,0.180000000000
1501789588,2781.500000000000,1.761000000000
1501789588,2781.450000000000,0.180000000000
1501789588,2781.450000000000,0.179000000000
1501789606,2781.440000000000,0.182000000000
1501789606,2781.440000000000,0.182000000000
1501789606,2781.440000000000,0.179000000000
1501789631,2782.480000000000,1.882000000000
1501789632,2782.430000000000,0.179000000000
1501789632,2782.430000000000,0.179000000000
1501789632,2782.480000000000,1.709000000000
1501789785,2782.430000000000,0.179000000000
1501789786,2782.430000000000,2.611200000000
1501789786,2782.430000000000,0.978800000000
1501789851,2783.400000000000,0.045900000000
1501790229,2787.910000000000,0.011400000000
1501790327,2787.910000000000,1.203600000000
1501790340,2792.280000000000,2.032800000000
1501790340,2787.920000000000,2.967200000000
1501790439,2789.500000000000,0.004100000000
1501790477,2791.820000000000,0.187900000000
1501790478,2791.830000000000,0.479900000000
1501790479,2791.830000000000,0.079600000000
1501790492,2790.970000000000,0.811200000000
1501790493,2790.970000000000,0.060500000000
1501790496,2790.970000000000,0.004100000000
1501790625,2795.730000000000,0.011400000000
1501790734,2796.710000000000,1.445600000000
1501790736,2797.670000000000,1.108800000000
1501790736,2797.670000000000,0.743700000000
1501790736,2798.550000000000,1.810700000000
1501790795,2801.010000000000,0.483000000000
1501790820,2803.660000000000,2.001900000000
1501790820,2803.660000000000,1.998100000000
1501790821,2803.660000000000,0.000100000000
1501790935,2802.010000000000,3.563000000000
1501790936,2802.010000000000,0.437000000000
1501790937,2804.170000000000,0.052000000000
1501790946,2802.100000000000,3.558000000000
1501790988,2801.950000000000,3.561900000000
1501790989,2801.950000000000,0.438100000000
1501790990,2801.950000000000,2.629600000000
1501791059,2802.240000000000,0.181000000000
1501791059,2802.240000000000,0.178000000000
1501791059,2802.230000000000,0.887400000000
1501791059,2802.240000000000,0.178000000000
1501791060,2802.240000000000,0.178000000000
1501791060,2802.240000000000,0.177000000000
1501791060,2802.240000000000,0.180000000000
1501791060,2802.240000000000,0.181000000000
1501791060,2802.240000000000,0.178000000000
1501791060,2802.240000000000,0.178000000000
1501791061,2802.240000000000,0.174800000000
1501791061,2802.240000000000,0.179000000000
1501791061,2802.240000000000,0.179000000000
1501791061,2802.240000000000,0.179000000000
1501791061,2802.240000000000,0.181000000000
1501791062,2802.240000000000,0.003200000000
1501791062,2802.240000000000,0.179000000000
1501791063,2802.270000000000,0.178000000000
1501791063,2802.270000000000,0.179000000000
1501791063,2802.270000000000,0.178000000000
1501791064,2802.270000000000,0.179000000000
1501791064,2802.270000000000,0.179000000000
1501791105,2801.760000000000,2.736700000000
1501791106,2801.810000000000,1.124800000000
1501791106,2801.760000000000,0.763300000000
1501791106,2801.810000000000,2.436200000000
1501791143,2799.980000000000,0.180000000000
1501791143,2799.990000000000,0.178000000000
1501791143,2799.980000000000,0.179000000000
1501791143,2799.980000000000,2.700900000000
1501791143,2799.980000000000,1.299100000000
1501791144,2799.990000000000,0.178000000000
1501791144,2799.990000000000,0.178000000000
1501791144,2799.990000000000,0.023200000000
1501791144,2799.990000000000,0.177000000000
1501791144,2799.990000000000,0.178000000000
1501791145,2799.990000000000,0.038300000000
1501791232,2797.010000000000,2.230100000000
1501791232,2797.000000000000,2.118200000000
1501791236,2797.000000000000,2.467200000000
1501791236,2797.000000000000,3.028400000000
1501791384,2795.000000000000,10.000000000000
1501791384,2795.000000000000,10.000000000000
1501791384,2795.000000000000,0.179000000000
1501791384,2795.000000000000,0.179000000000
1501791385,2795.000000000000,0.181000000000
1501791385,2795.000000000000,0.178000000000
1501791385,2795.000000000000,0.179000000000
1501791387,2796.000000000000,0.178000000000
1501791387,2796.000000000000,0.181000000000
1501791390,2796.000000000000,0.179000000000
1501791391,2796.000000000000,0.181000000000
1501791392,2796.000000000000,0.139000000000
1501791475,2796.000000000000,8.246000000000
1501791475,2796.000000000000,1.754000000000
1501791485,2796.000000000000,8.246000000000
1501791485,2796.000000000000,1.754000000000
1501791488,2796.000000000000,8.246000000000
1501791489,2796.000000000000,10.000000000000
1501791489,2796.000000000000,10.000000000000
1501791489,2796.000000000000,10.000000000000
1501791490,2796.000000000000,10.000000000000
1501791490,2796.000000000000,10.000000000000
1501791490,2796.000000000000,10.000000000000
1501791491,2796.000000000000,1.754000000000
1501791491,2796.000000000000,10.000000000000
1501791491,2796.000000000000,10.000000000000
1501791491,2796.000000000000,10.000000000000
1501791499,2796.000000000000,10.000000000000
1501791499,2796.000000000000,8.246000000000
1501791499,2796.000000000000,10.000000000000
1501791500,2796.000000000000,10.000000000000
1501791500,2796.000000000000,10.000000000000
1501791500,2796.000000000000,10.000000000000
1501791542,2795.060000000000,0.022900000000
1501791599,2793.060000000000,0.100000000000
1501791615,2792.540000000000,3.297900000000
1501791616,2793.180000000000,0.181000000000
1501791617,2793.180000000000,0.156000000000
1501791620,2793.180000000000,0.179000000000
1501791620,2793.180000000000,0.178000000000
1501791621,2793.180000000000,0.178000000000
1501791623,2793.260000000000,0.178000000000
1501791623,2793.260000000000,0.179000000000
1501791652,2791.520000000000,0.091500000000
1501791727,2791.520000000000,0.045100000000
1501791733,2789.460000000000,0.043400000000
1501791743,2788.870000000000,0.062100000000
1501791760,2786.750000000000,0.179000000000
1501791760,2786.750000000000,0.178000000000
1501791798,2786.900000000000,1.000000000000
1501791823,2788.360000000000,0.033100000000
1501791826,2788.310000000000,0.001000000000
1501791829,2788.310000000000,0.611100000000
1501791860,2786.250000000000,0.000100000000
1501791874,2786.720000000000,0.179000000000
1501791874,2786.720000000000,0.179000000000
1501791874,2786.720000000000,0.179000000000
1501791875,2786.720000000000,0.181000000000
1501791876,2786.720000000000,0.179000000000
1501791877,2786.720000000000,0.178000000000
1501791877,2786.720000000000,0.179000000000
1501791896,2788.310000000000,0.013000000000
1501791896,2788.300000000000,0.100000000000
1501791897,2788.310000000000,0.062500000000
1501791899,2788.310000000000,0.181000000000
1501791899,2788.310000000000,0.133000000000
1501791899,2788.310000000000,0.103500000000
1501791899,2788.310000000000,0.178000000000
1501791900,2788.310000000000,0.178000000000
1501791900,2788.310000000000,0.179000000000
1501791900,2788.310000000000,0.181000000000
1501791901,2788.310000000000,0.178000000000
1501791901,2788.310000000000,0.179000000000
1501791901,2788.310000000000,0.145000000000
1501791902,2788.500000000000,2.576500000000
1501792139,2787.480000000000,0.181000000000
1501792139,2787.480000000000,0.179000000000
1501792139,2787.480000000000,0.178000000000
1501792187,2787.950000000000,0.000300000000
1501792188,2787.940000000000,0.100000000000
1501792209,2787.470000000000,0.359000000000
1501792209,2787.470000000000,0.358000000000
1501792261,2787.230000000000,0.091700000000
1501792387,2786.760000000000,0.004300000000
1501792399,2786.710000000000,0.020700000000
1501792410,2786.750000000000,3.821000000000
1501792410,2786.710000000000,0.179000000000
1501792416,2786.700000000000,0.179000000000
1501792417,2786.710000000000,0.181000000000
1501792417,2786.710000000000,0.178000000000
1501792417,2786.710000000000,0.179000000000
1501792418,2786.750000000000,0.174700000000
1501792418,2786.750000000000,0.179000000000
1501792442,2786.700000000000,0.010300000000
1501792454,2786.640000000000,0.358000000000
1501792455,2786.640000000000,0.359000000000
1501792456,2786.700000000000,0.181000000000
1501792456,2786.700000000000,0.179000000000
1501792456,2786.700000000000,0.179000000000
1501792456,2786.700000000000,0.168700000000
1501792456,2786.700000000000,0.178000000000
1501792457,2786.700000000000,0.179000000000
1501792457,2786.700000000000,0.179000000000
1501792457,2786.700000000000,0.178000000000
1501792457,2786.700000000000,0.178000000000
1501792457,2786.700000000000,0.179000000000
1501792458,2786.900000000000,0.181000000000
1501792459,2786.900000000000,0.181000000000
1501792460,2786.900000000000,0.179000000000
1501792460,2786.900000000000,0.179000000000
1501792462,2786.900000000000,0.181000000000
1501792502,2786.700000000000,0.178000000000
1501792503,2786.700000000000,0.179000000000
1501792503,2786.700000000000,0.178000000000
1501792503,2786.700000000000,0.178000000000
1501792503,2786.700000000000,0.179000000000
1501792594,2789.000000000000,0.010000000000
1501792625,2786.670000000000,2.870100000000
1501792626,2786.670000000000,0.710900000000
1501792629,2789.140000000000,0.236200000000
1501792640,2781.960000000000,0.040000000000
1501792659,2780.510000000000,0.179000000000
1501792659,2780.510000000000,0.179000000000
1501792673,2788.650000000000,0.014500000000
1501792870,2788.450000000000,1.805100000000
1501793006,2788.060000000000,0.124400000000
1501793411,2777.700000000000,1.824900000000
1501793411,2777.700000000000,1.735500000000
1501793412,2777.700000000000,0.360000000000
1501793412,2777.700000000000,0.030600000000
1501793491,2779.740000000000,0.373000000000
1501793528,2780.380000000000,0.027000000000
1501793684,2780.560000000000,0.004100000000
1501793887,2780.560000000000,1.114200000000
1501793943,2780.510000000000,2.745800000000
1501793944,2780.510000000000,0.845200000000
1501793971,2782.360000000000,3.261000000000
1501793971,2780.410000000000,1.738800000000
1501794048,2782.450000000000,0.207500000000
1501794110,2782.450000000000,0.061300000000
1501794164,2787.330000000000,0.091800000000
1501794304,2790.350000000000,0.000200000000
1501794383,2789.490000000000,0.083100000000
1501794389,2789.490000000000,0.004100000000
1501794401,2789.730000000000,0.045800000000
1501794524,2790.220000000000,0.019400000000
1501794563,2791.610000000000,0.024100000000
1501794563,2791.600000000000,0.100000000000
1501794612,2789.600000000000,0.100000000000
1501794613,2789.540000000000,0.409900000000
1501794613,2789.590000000000,3.574000000000
1501794726,2791.110000000000,0.396700000000
1501794726,2790.070000000000,0.178000000000
1501794726,2790.730000000000,0.100000000000
1501794768,2788.210000000000,3.005400000000
1501794768,2788.260000000000,0.784100000000
1501794768,2788.260000000000,2.789900000000
1501794769,2788.210000000000,0.994600000000
1501794769,2786.210000000000,2.273100000000
1501794769,2786.210000000000,1.726900000000
1501794772,2783.260000000000,0.100000000000
1501794857,2786.870000000000,2.500500000000
1501794896,2789.090000000000,0.045900000000
1501794903,2789.090000000000,0.009100000000
1501795499,2780.950000000000,3.585000000000
1501795499,2780.990000000000,1.414900000000
1501796334,2780.500000000000,2.530100000000
1501796370,2780.500000000000,0.005000000000
1501796660,2780.990000000000,0.075500000000
1501796660,2781.000000000000,3.046600000000
1501796724,2781.000000000000,0.010400000000
1501796760,2781.000000000000,0.007200000000
1501796823,2781.000000000000,0.091900000000
1501796853,2780.520000000000,1.997400000000
1501796944,2781.000000000000,2.436500000000
1501796945,2781.000000000000,2.779100000000
1501796946,2781.000000000000,0.041500000000
1501797003,2780.990000000000,0.360000000000
1501797003,2780.550000000000,3.586000000000
1501797003,2780.990000000000,4.000000000000
1501797004,2780.500000000000,2.054000000000
1501797006,2781.000000000000,0.073900000000
1501797037,2781.000000000000,0.481100000000
1501797039,2781.000000000000,0.518500000000
1501797054,2784.110000000000,0.058100000000
1501797141,2783.050000000000,0.022900000000
1501797142,2783.050000000000,0.007000000000
1501797165,2783.050000000000,0.008700000000
1501797192,2783.050000000000,0.015600000000
1501797196,2783.050000000000,0.029000000000
1501797327,2783.900000000000,0.125200000000
1501797409,2783.900000000000,0.091900000000
1501797454,2782.330000000000,0.360000000000
1501797529,2783.360000000000,0.004400000000
1501797573,2784.550000000000,0.005300000000
1501797586,2782.870000000000,2.025500000000
1501797628,2784.710000000000,0.124500000000
1501797811,2784.710000000000,0.004100000000
1501797822,2783.450000000000,0.013700000000
1501797858,2783.800000000000,3.102700000000
1501797899,2785.990000000000,1.422400000000
1501797954,2785.990000000000,0.006800000000
1501797975,2786.320000000000,0.005800000000
1501798201,2786.270000000000,0.018300000000
1501798454,2786.830000000000,0.014500000000
1501798582,2786.670000000000,0.007000000000
1501798628,2786.670000000000,0.004100000000
1501798628,2786.670000000000,0.010000000000
1501798745,2787.470000000000,0.004500000000
1501798838,2787.470000000000,0.016600000000
1501798871,2788.430000000000,0.004500000000
1501799120,2787.750000000000,0.023100000000
1501799405,2787.750000000000,0.091800000000
1501799410,2787.750000000000,0.004100000000
1501799432,2787.750000000000,0.091800000000
1501799435,2787.750000000000,0.008200000000
1501799437,2787.750000000000,0.016700000000
1501799453,2788.770000000000,1.619600000000
1501799468,2789.960000000000,2.195700000000
1501799469,2789.960000000000,0.184700000000
1501799504,2791.480000000000,2.859500000000
1501799505,2792.430000000000,1.627000000000
1501799506,2791.480000000000,0.178000000000
1501799506,2791.480000000000,0.178000000000
1501799506,2791.480000000000,0.409900000000
1501799506,2791.480000000000,0.311600000000
1501799506,2792.430000000000,2.373000000000
1501799510,2792.430000000000,0.178000000000
1501799510,2792.430000000000,0.178000000000
1501799510,2792.430000000000,0.178000000000
1501799510,2792.430000000000,0.178000000000
1501799511,2791.770000000000,0.178000000000
1501799511,2791.480000000000,0.178000000000
1501799511,2791.770000000000,0.178000000000
1501799514,2792.650000000000,2.470300000000
1501799514,2792.650000000000,1.000000000000
1501799515,2792.650000000000,0.529700000000
1501799766,2790.150000000000,0.178000000000
1501799767,2790.150000000000,0.178000000000
1501799767,2790.150000000000,0.178000000000
1501799767,2790.150000000000,0.178000000000
1501799767,2790.150000000000,0.178000000000
1501799767,2790.150000000000,0.178000000000
1501799767,2790.150000000000,0.178000000000
1501799768,2790.150000000000,0.178000000000
1501799768,2790.150000000000,0.178000000000
1501799804,2792.980000000000,0.082900000000
1501799811,2792.980000000000,0.041400000000
1501799843,2792.980000000000,0.013700000000
1501799877,2792.970000000000,4.000000000000
1501799886,2794.120000000000,0.091700000000
1501799936,2794.120000000000,0.041400000000
1501799973,2794.070000000000,0.020700000000
1501800041,2794.360000000000,0.265500000000
1501800454,2795.010000000000,1.887800000000
1501800627,2797.460000000000,0.013700000000
1501800765,2797.870000000000,0.022800000000
1501800828,2797.870000000000,0.022800000000
1501800876,2797.870000000000,0.009100000000
1501800978,2797.870000000000,0.032900000000
1501801786,2796.180000000000,2.791800000000
1501801869,2796.140000000000,0.123900000000
1501801920,2795.290000000000,0.004500000000
1501801966,2795.290000000000,3.323800000000
1501802137,2790.700000000000,2.000000000000
1501802137,2792.240000000000,2.561900000000
1501802147,2789.960000000000,2.000000000000
1501802283,2790.840000000000,1.702400000000
1501802284,2790.840000000000,0.297600000000
1501802290,2790.200000000000,2.240100000000
1501802291,2790.200000000000,1.336900000000
1501802363,2790.650000000000,2.543100000000
1501802884,2791.830000000000,0.124400000000
1501802917,2791.830000000000,0.010000000000
1501802985,2793.110000000000,1.508600000000
1501802990,2793.060000000000,0.041400000000
1501803020,2792.560000000000,1.446000000000
1501803020,2792.560000000000,1.877800000000
1501803021,2792.560000000000,0.252200000000
1501803553,2791.180000000000,3.494700000000
1501803631,2791.660000000000,0.020500000000
1501803762,2789.300000000000,3.576000000000
1501803765,2789.250000000000,2.329000000000
1501803768,2789.530000000000,2.608800000000
1501803768,2788.000000000000,4.000000000000
1501803769,2785.340000000000,2.120200000000
1501803771,2789.580000000000,0.366000000000
1501804214,2790.960000000000,0.027500000000
1501804262,2791.020000000000,0.004500000000
1501804426,2788.880000000000,0.370000000000
1501804926,2790.680000000000,0.100000000000
1501804967,2790.680000000000,2.217300000000
1501804984,2789.880000000000,0.100000000000
1501804985,2789.840000000000,2.621000000000
1501804985,2789.920000000000,0.957000000000
1501805152,2792.700000000000,0.011000000000
1501805279,2792.700000000000,1.024200000000
1501805279,2792.700000000000,2.339800000000
1501805299,2793.120000000000,0.069700000000
1501805299,2793.390000000000,3.507300000000
1501805616,2797.120000000000,0.084700000000
1501805953,2797.520000000000,1.000000000000
1501806364,2795.120000000000,0.400000000000
1501806365,2795.130000000000,2.478000000000
1501806660,2795.740000000000,0.044300000000
1501806726,2797.060000000000,3.573000000000
1501806728,2797.060000000000,0.427000000000
1501806821,2795.550000000000,1.906400000000
1501807143,2795.810000000000,0.004500000000
1501807830,2797.180000000000,0.007700000000
1501808214,2795.770000000000,0.087000000000
1501808562,2793.640000000000,3.577000000000
1501808577,2793.640000000000,3.576000000000
1501808664,2792.700000000000,0.359000000000
1501808713,2790.690000000000,3.331900000000
1501809323,2787.190000000000,3.064300000000
1501809511,2789.200000000000,0.082900000000
1501809900,2787.140000000000,2.190700000000
1501809916,2787.140000000000,1.809300000000
1501809916,2786.360000000000,0.902400000000
1501810236,2778.980000000000,0.006000000000
1501810618,2778.000000000000,0.005900000000
1501810630,2778.000000000000,2.377800000000
1501810631,2778.000000000000,2.581100000000
1501810632,2778.000000000000,0.035200000000
1501811298,2780.000000000000,2.956700000000
1501811300,2780.000000000000,2.043300000000
1501811311,2780.900000000000,0.265500000000
1501811628,2784.500000000000,1.005000000000
1501811766,2784.200000000000,0.027200000000
1501812120,2785.000000000000,0.009100000000
1501812303,2785.000000000000,0.013700000000
1501812414,2785.000000000000,2.821100000000
1501812414,2785.000000000000,2.156100000000
1501812441,2784.880000000000,0.178000000000
1501812441,2784.880000000000,0.178000000000
1501812441,2784.880000000000,0.178000000000
1501812441,2784.880000000000,0.178000000000
1501812441,2784.880000000000,0.178000000000
1501812441,2784.880000000000,0.178000000000
1501812442,2784.880000000000,0.178000000000
1501812442,2784.880000000000,0.178000000000
1501812442,2784.880000000000,0.178000000000
1501812442,2784.880000000000,0.178000000000
1501812465,2784.900000000000,0.178000000000
1501812465,2784.900000000000,0.178000000000
1501812466,2784.900000000000,0.178000000000
1501812466,2784.900000000000,0.178000000000
1501812466,2784.900000000000,0.178000000000
1501812466,2784.900000000000,0.178000000000
1501812466,2784.900000000000,0.178000000000
1501812466,2784.900000000000,0.178000000000
1501812466,2784.900000000000,0.178000000000
1501812467,2784.900000000000,0.179000000000
1501812668,2790.000000000000,3.153900000000
1501812669,2790.000000000000,1.846100000000
1501812877,2794.990000000000,0.221000000000
1501813060,2792.860000000000,0.035000000000
1501813247,2789.710000000000,1.005000000000
1501813269,2789.000000000000,0.955500000000
1501813269,2789.000000000000,1.005000000000
1501813462,2788.790000000000,2.365900000000
1501813500,2788.000000000000,2.634100000000
1501813539,2789.540000000000,0.100000000000
1501813539,2789.980000000000,0.003600000000
1501813664,2787.600000000000,0.130000000000
1501813671,2786.770000000000,2.057100000000
1501813737,2787.480000000000,1.005000000000
1501813739,2786.840000000000,2.153200000000
1501813739,2786.840000000000,1.428800000000
1501813938,2788.580000000000,0.046400000000
1501814061,2789.000000000000,2.010000000000
1501814097,2789.350000000000,0.004100000000
1501814285,2788.200000000000,0.013100000000
1501814562,2784.190000000000,3.584000000000
1501814562,2784.140000000000,1.416000000000
1501816078,2782.000000000000,0.077900000000
1501816114,2781.110000000000,0.134000000000
1501816154,2780.170000000000,0.112000000000
1501816372,2779.500000000000,0.016000000000
1501816769,2780.910000000000,1.642700000000
1501816769,2780.910000000000,1.940300000000
1501816770,2780.910000000000,0.038500000000
1501816770,2780.910000000000,0.178000000000
1501816770,2780.910000000000,0.178000000000
1501816770,2780.910000000000,0.178000000000
1501816867,2781.840000000000,0.078000000000
1501817220,2786.220000000000,0.519900000000
1501817852,2786.020000000000,0.013700000000
1501819265,2786.460000000000,0.045800000000
1501820206,2786.340000000000,1.000000000000
1501821609,2782.940000000000,0.004100000000
1501821612,2782.940000000000,0.041500000000
1501821720,2785.060000000000,0.020700000000
1501822441,2777.540000000000,3.029300000000
1501822761,2772.950000000000,0.000400000000
1501822896,2773.600000000000,0.039200000000
1501823923,2776.180000000000,0.020800000000
1501823985,2774.830000000000,0.530000000000
1501824008,2773.920000000000,2.373300000000
1501824009,2773.920000000000,2.581100000000
1501824109,2775.560000000000,0.004100000000
1501824678,2769.430000000000,0.000200000000
1501824784,2768.120000000000,0.033400000000
1501824825,2768.000000000000,0.061200000000
1501825231,2770.250000000000,0.104300000000
1501825815,2778.260000000000,0.178000000000
1501825815,2778.260000000000,0.100000000000
1501825815,2778.260000000000,0.179000000000
1501825815,2778.260000000000,0.179000000000
1501825816,2778.260000000000,0.179000000000
1501825816,2778.260000000000,0.178000000000
1501825816,2778.260000000000,0.179000000000
1501825816,2778.260000000000,0.179000000000
1501825816,2778.260000000000,0.178000000000
1501825816,2778.260000000000,0.178000000000
1501825817,2778.260000000000,0.081300000000
1501825817,2778.260000000000,0.096700000000
1501825912,2780.960000000000,0.005300000000
1501825997,2782.630000000000,0.020700000000
1501826072,2783.320000000000,0.031100000000
1501826384,2790.100000000000,0.178000000000
1501826384,2790.100000000000,0.178000000000
1501826385,2790.100000000000,0.178000000000
1501826385,2790.100000000000,0.178000000000
1501826385,2790.100000000000,0.178000000000
1501826385,2790.100000000000,0.177000000000
1501826385,2790.100000000000,0.178000000000
1501826385,2790.100000000000,0.178000000000
1501826386,2790.100000000000,0.010000000000
1501826386,2790.100000000000,0.178000000000
1501826491,2787.810000000000,0.091700000000
1501826519,2787.810000000000,0.112000000000
1501826556,2787.810000000000,0.177000000000
1501826556,2787.810000000000,0.178000000000
1501826556,2787.810000000000,0.178000000000
1501826556,2787.810000000000,0.178000000000
1501826556,2787.810000000000,0.178000000000
1501826557,2787.810000000000,0.178000000000
1501826557,2787.810000000000,0.178000000000
1501826557,2787.810000000000,0.178000000000
1501826557,2787.810000000000,0.178000000000
1501826585,2790.540000000000,0.004100000000
1501826597,2787.550000000000,0.178000000000
1501826597,2787.550000000000,0.177000000000
1501826597,2787.550000000000,0.178000000000
1501826598,2787.550000000000,0.178000000000
1501826598,2787.550000000000,0.177000000000
1501826598,2787.550000000000,0.177000000000
1501826598,2787.550000000000,0.168000000000
1501826598,2787.550000000000,0.177000000000
1501826598,2787.550000000000,0.178000000000
1501826598,2787.550000000000,0.177000000000
1501826636,2786.070000000000,0.124400000000
1501826867,2786.290000000000,0.083000000000
1501827497,2787.860000000000,0.064900000000
1501827837,2785.700000000000,0.094000000000
1501828389,2787.000000000000,0.004500000000
1501828390,2787.000000000000,0.091900000000
1501828556,2787.000000000000,0.045700000000
1501828571,2787.000000000000,0.045900000000
1501828598,2787.000000000000,0.103900000000
1501828785,2787.000000000000,0.043600000000
1501828854,2787.000000000000,0.031100000000
1501829265,2785.420000000000,0.008300000000
1501829319,2785.420000000000,0.020700000000
1501829748,2782.460000000000,2.000000000000
1501829817,2782.020000000000,1.433400000000
1501829839,2783.600000000000,0.002900000000
1501829896,2781.500000000000,3.380000000000
1501829985,2781.060000000000,2.200000000000
1501830022,2781.230000000000,2.773800000000
1501830075,2780.810000000000,1.620000000000
1501830207,2780.660000000000,0.138900000000
1501831281,2785.050000000000,0.091800000000
1501831316,2785.050000000000,0.011400000000
1501831333,2783.500000000000,1.106400000000
1501831333,2783.510000000000,1.000000000000
1501831333,2783.500000000000,0.903600000000
1501831376,2783.660000000000,0.057500000000
1501831379,2783.660000000000,0.091800000000
1501831514,2784.740000000000,0.124900000000
1501831553,2784.740000000000,0.020700000000
1501831556,2784.740000000000,0.124600000000
1501831658,2786.010000000000,0.016500000000
1501832003,2786.640000000000,0.020700000000
1501832195,2788.320000000000,0.091300000000
1501832529,2795.850000000000,0.020500000000
1501832529,2794.350000000000,0.000200000000
1501832640,2798.310000000000,0.006200000000
1501832654,2798.310000000000,0.045900000000
1501832832,2798.910000000000,0.008200000000
1501832975,2798.910000000000,0.004500000000
1501833017,2798.860000000000,0.041300000000
1501833195,2799.840000000000,0.004100000000
1501833681,2812.330000000000,0.004500000000
1501833695,2813.000000000000,0.034300000000
1501833725,2814.000000000000,0.010000000000
1501833824,2816.430000000000,0.176000000000
1501833824,2816.430000000000,0.175000000000
1501833824,2816.430000000000,0.176000000000
1501833825,2816.430000000000,0.175000000000
1501833825,2816.060000000000,0.775900000000
1501833825,2816.430000000000,0.175000000000
1501833825,2816.430000000000,0.175000000000
1501833825,2816.430000000000,0.175000000000
1501833825,2816.430000000000,0.175000000000
1501833909,2815.550000000000,0.082400000000
1501833954,2815.500000000000,0.175000000000
1501833955,2815.550000000000,0.175000000000
1501833955,2815.550000000000,0.176000000000
1501833955,2815.550000000000,0.175000000000
1501833955,2815.550000000000,0.175000000000
1501833956,2816.220000000000,1.274000000000
1501834091,2808.700000000000,3.059400000000
1501834113,2808.060000000000,0.057500000000
1501834129,2808.010000000000,2.302500000000
1501834129,2808.010000000000,1.249500000000
1501834133,2807.040000000000,0.176000000000
1501834581,2811.410000000000,0.104500000000
1501834661,2813.080000000000,2.982600000000
1501834725,2812.540000000000,0.041100000000
1501834803,2814.690000000000,0.009100000000
1501835112,2817.000000000000,0.041000000000
1501835142,2815.790000000000,0.045100000000
1501835570,2817.000000000000,0.009000000000
1501835571,2818.000000000000,0.080000000000
1501835965,2821.000000000000,0.050000000000
1501835965,2821.780000000000,0.040800000000
1501835988,2822.450000000000,0.090800000000
1501836067,2824.580000000000,0.008000000000
1501836067,2822.910000000000,0.000200000000
1501836137,2825.800000000000,0.200000000000
1501836166,2836.110000000000,0.020500000000
1501836195,2835.680000000000,0.174000000000
1501836195,2835.680000000000,0.174000000000
1501836195,2835.780000000000,0.000200000000
1501836196,2835.680000000000,0.174000000000
1501836196,2835.680000000000,0.174000000000
1501836196,2835.680000000000,0.174000000000
1501836196,2835.680000000000,0.174000000000
1501836200,2836.420000000000,0.174000000000
1501836204,2835.420000000000,0.174000000000
1501836226,2832.030000000000,0.174000000000
1501836259,2831.570000000000,0.069400000000
1501836260,2831.570000000000,0.082100000000
1501836265,2831.570000000000,0.174000000000
1501836265,2831.570000000000,0.174000000000
1501836265,2831.570000000000,0.174000000000
1501836265,2831.570000000000,0.022500000000
1501836307,2835.120000000000,0.090800000000
1501836328,2836.260000000000,0.122300000000
1501836349,2837.130000000000,0.173000000000
1501836349,2837.130000000000,0.173000000000
1501836349,2837.140000000000,1.000000000000
1501836350,2837.130000000000,0.173000000000
1501836350,2837.130000000000,0.173000000000
1501836350,2837.130000000000,0.173000000000
1501836350,2837.130000000000,0.174000000000
1501836376,2840.260000000000,0.900000000000
1501836421,2843.800000000000,0.122300000000
1501836545,2841.160000000000,1.014800000000
1501836563,2844.740000000000,0.018300000000
1501836601,2843.640000000000,2.476100000000
1501836601,2843.640000000000,1.611100000000
1501836601,2843.640000000000,2.098700000000
1501836601,2843.640000000000,2.683600000000
1501836634,2843.670000000000,0.044800000000
1501836674,2843.490000000000,0.346900000000
1501836674,2843.640000000000,1.650500000000
1501838597,2839.220000000000,0.004000000000
1501838684,2839.220000000000,0.045100000000
1501838720,2840.770000000000,0.018000000000
1501838852,2839.780000000000,0.122200000000
1501839034,2841.010000000000,0.173000000000
1501839083,2840.940000000000,0.035100000000
1501839098,2843.000000000000,0.090100000000
1501839101,2843.000000000000,0.043900000000
1501839142,2842.950000000000,0.165300000000
1501839142,2842.110000000000,1.834700000000
1501839203,2842.950000000000,0.173000000000
1501839203,2843.260000000000,0.162000000000
1501839326,2844.560000000000,0.011200000000
1501840024,2845.210000000000,0.300000000000
1501840036,2846.000000000000,3.295600000000
1501840037,2846.000000000000,3.050900000000
1501840051,2846.000000000000,2.888000000000
1501840051,2846.000000000000,3.004600000000
1501840133,2847.540000000000,0.015000000000
1501840173,2850.150000000000,0.040700000000
1501840677,2849.170000000000,0.101000000000
1501840692,2849.170000000000,0.099000000000
1501840926,2850.980000000000,0.040600000000
1501840989,2850.770000000000,0.004400000000
1501840995,2850.770000000000,0.040600000000
1501841151,2849.180000000000,0.089900000000
1501841171,2849.050000000000,2.565000000000
1501841172,2848.830000000000,0.173000000000
1501841172,2849.050000000000,0.934000000000
1501841172,2848.830000000000,0.173000000000
1501841174,2848.280000000000,0.173000000000
1501841175,2848.900000000000,0.173000000000
1501841235,2849.400000000000,0.020200000000
1501841265,2849.400000000000,0.020200000000
1501841356,2846.060000000000,2.893200000000
1501841358,2846.400000000000,0.017100000000
1501841487,2842.270000000000,0.103000000000
1501841589,2845.640000000000,0.004400000000
1501841625,2845.640000000000,0.019700000000
1501841730,2841.820000000000,0.077200000000
1501841982,2841.590000000000,0.994000000000
1501841992,2844.100000000000,0.020300000000
1501842327,2846.750000000000,0.031500000000
1501842345,2843.820000000000,0.173000000000
1501842345,2843.820000000000,0.173000000000
1501842345,2843.820000000000,0.173000000000
1501842345,2843.820000000000,0.173000000000
1501842345,2843.820000000000,0.173000000000
1501842345,2843.820000000000,0.173000000000
1501842414,2846.420000000000,0.044700000000
1501842558,2843.040000000000,0.024000000000
1501842576,2845.480000000000,0.008900000000
1501842603,2845.620000000000,0.020300000000
1501842720,2843.400000000000,0.027000000000
1501842723,2843.400000000000,0.031500000000
1501842976,2844.680000000000,0.014200000000
1501842981,2844.770000000000,2.669500000000
1501843006,2847.810000000000,0.022500000000
1501843018,2846.120000000000,1.000000000000
1501843044,2847.160000000000,0.024700000000
1501843053,2847.210000000000,0.027000000000
1501843128,2844.980000000000,0.005400000000
1501843270,2847.810000000000,0.040600000000
1501843329,2847.810000000000,0.044900000000
1501843341,2847.810000000000,0.022400000000
1501843666,2847.810000000000,0.008500000000
1501843750,2847.810000000000,0.861100000000
1501843906,2851.900000000000,0.089700000000
1501844173,2854.040000000000,0.008500000000
1501844182,2854.040000000000,0.020200000000
1501844215,2854.220000000000,0.020200000000
1501844284,2855.680000000000,0.006800000000
1501844326,2855.670000000000,0.004000000000
1501844331,2855.670000000000,2.260300000000
1501844373,2854.430000000000,0.931300000000
1501844373,2855.180000000000,0.172000000000
1501844373,2855.180000000000,0.172000000000
1501844373,2855.180000000000,0.172000000000
1501844373,2855.180000000000,0.172000000000
1501844373,2855.180000000000,0.172000000000
1501844373,2855.180000000000,0.172000000000
1501844374,2854.840000000000,2.123100000000
1501844374,2854.840000000000,1.783900000000
1501844519,2859.260000000000,0.101000000000
1501844594,2860.860000000000,2.509300000000
1501844594,2860.860000000000,0.976700000000
1501844594,2862.090000000000,1.264400000000
1501844594,2861.300000000000,0.000200000000
1501844595,2862.090000000000,1.222200000000
1501844595,2862.090000000000,3.001400000000
1501844595,2862.090000000000,2.412000000000
1501844811,2862.820000000000,0.000200000000
1501844851,2864.160000000000,0.078300000000
1501845019,2859.720000000000,0.089300000000
1501845130,2860.000000000000,0.009000000000
1501845140,2860.000000000000,0.041000000000
1501845166,2862.000000000000,0.010000000000
1501845166,2863.000000000000,0.010000000000
1501845206,2864.210000000000,0.171000000000
1501845207,2864.210000000000,0.172000000000
1501845207,2863.940000000000,0.171000000000
1501845207,2864.210000000000,0.171000000000
1501845207,2864.210000000000,0.014000000000
1501845208,2863.940000000000,0.172000000000
1501845211,2864.530000000000,0.037000000000
1501845248,2865.000000000000,0.010000000000
1501845248,2866.390000000000,0.030300000000
1501845266,2864.200000000000,0.172000000000
1501845286,2864.870000000000,0.008900000000
1501845313,2864.860000000000,0.033500000000
1501845314,2864.860000000000,1.897200000000
1501845315,2864.860000000000,3.300300000000
1501845357,2865.000000000000,0.010000000000
1501845357,2864.680000000000,0.010000000000
1501845375,2866.000000000000,0.172000000000
1501845375,2866.000000000000,0.010000000000
1501845392,2866.380000000000,0.171000000000
1501845392,2867.000000000000,0.030000000000
1501845392,2868.000000000000,0.010000000000
1501845393,2868.470000000000,0.332000000000
1501845395,2868.470000000000,0.020000000000
1501845569,2869.000000000000,0.010000000000
1501845749,2870.290000000000,0.080600000000
1501845904,2872.080000000000,0.068000000000
1501845941,2872.680000000000,0.120800000000
1501845944,2872.680000000000,0.008000000000
1501846007,2872.680000000000,0.002000000000
1501846007,2872.000000000000,0.010000000000
1501846188,2868.980000000000,0.009600000000
1501846312,2863.760000000000,0.034100000000
1501846494,2862.710000000000,0.172000000000
1501846495,2862.660000000000,1.106300000000
1501846495,2862.710000000000,0.172000000000
1501846495,2862.710000000000,0.171000000000
1501846495,2862.710000000000,0.172000000000
1501846495,2862.710000000000,0.172000000000
1501846495,2862.710000000000,0.171000000000
1501846503,2862.810000000000,0.102400000000
1501846541,2862.810000000000,0.008600000000
1501846721,2859.650000000000,0.004000000000
1501846844,2859.650000000000,0.011100000000
1501846850,2859.650000000000,0.078300000000
1501846883,2861.300000000000,0.016100000000
1501847019,2859.650000000000,0.600000000000
1501847114,2860.980000000000,0.011100000000
1501847126,2861.140000000000,0.008900000000
1501847177,2859.620000000000,0.102700000000
1501847252,2861.280000000000,0.022300000000
1501847321,2858.890000000000,0.077900000000
1501847485,2858.540000000000,0.121200000000
1501847579,2859.770000000000,0.056200000000
1501847648,2854.220000000000,0.915200000000
1501847648,2854.220000000000,1.984800000000
1501847670,2850.120000000000,2.943800000000
1501847671,2850.000000000000,2.801000000000
1501847671,2850.000000000000,1.913500000000
1501847671,2850.000000000000,2.341700000000
1501847715,2849.010000000000,2.275700000000
1501847715,2849.010000000000,1.221300000000
1501847721,2848.670000000000,0.004000000000
1501847889,2847.040000000000,0.009700000000
1501847902,2847.040000000000,0.242100000000
1501848034,2842.940000000000,0.005900000000
1501848236,2846.170000000000,0.060800000000
1501848248,2846.170000000000,0.054700000000
1501848289,2846.170000000000,0.508000000000
1501848321,2848.790000000000,0.044900000000
1501848373,2846.340000000000,0.098000000000
1501848382,2846.890000000000,0.028500000000
1501848407,2846.000000000000,0.900000000000
1501848415,2845.110000000000,0.172000000000
1501848415,2845.110000000000,0.172000000000
1501848422,2845.270000000000,0.017900000000
1501848461,2848.920000000000,0.028700000000
1501848509,2844.920000000000,0.004400000000
1501848525,2847.250000000000,0.040600000000
1501848579,2849.150000000000,0.022400000000
1501848639,2850.180000000000,0.016200000000
1501848787,2849.000000000000,0.053000000000
1501848788,2849.000000000000,0.013400000000
1501848813,2848.210000000000,0.060800000000
1501848855,2842.000000000000,2.218300000000
1501848855,2844.000000000000,0.010000000000
1501848855,2845.220000000000,2.382600000000
1501848856,2842.000000000000,2.263500000000
1501848856,2842.000000000000,3.092700000000
1501848856,2842.000000000000,2.638700000000
1501848856,2842.000000000000,2.275200000000
1501848856,2842.000000000000,1.703800000000
1501848857,2842.000000000000,1.845900000000
1501848857,2842.000000000000,2.908400000000
1501848860,2841.670000000000,0.173000000000
1501848874,2842.790000000000,0.172000000000
1501848897,2843.620000000000,0.021200000000
1501848919,2841.590000000000,0.173000000000
1501848919,2841.590000000000,0.173000000000
1501848919,2841.590000000000,0.172000000000
1501848920,2840.990000000000,0.173000000000
1501849175,2842.020000000000,0.006800000000
1501849251,2843.430000000000,0.006000000000
1501849275,2843.430000000000,0.044500000000
1501849292,2842.000000000000,0.010000000000
1501849302,2842.970000000000,0.089900000000
1501849314,2842.000000000000,0.040500000000
1501849329,2843.390000000000,0.011700000000
1501849368,2843.050000000000,0.121900000000
1501849416,2842.470000000000,0.011700000000
1501849428,2843.460000000000,0.044900000000
1501849594,2843.870000000000,0.032500000000
1501849620,2843.870000000000,0.040600000000
1501849659,2843.820000000000,0.117400000000
1501849753,2843.820000000000,0.044000000000
1501849758,2844.740000000000,0.008900000000
1501849863,2844.880000000000,0.042600000000
1501849866,2844.880000000000,0.121900000000
1501849917,2844.880000000000,0.049900000000
1501850117,2844.880000000000,1.500000000000
1501850172,2844.880000000000,0.008900000000
1501850205,2843.150000000000,0.060800000000
1501850211,2843.150000000000,0.040400000000
1501850305,2843.150000000000,0.004000000000
1501850331,2844.770000000000,0.044900000000
1501850411,2843.250000000000,0.005900000000
1501850698,2844.530000000000,3.434700000000
1501850722,2844.390000000000,0.089300000000
1501851063,2843.870000000000,0.022400000000
1501851073,2843.870000000000,0.002800000000
1501851083,2843.870000000000,0.020300000000
1501851097,2843.870000000000,0.044900000000
1501851202,2841.890000000000,0.002800000000
1501851319,2842.010000000000,0.117500000000
1501851373,2839.000000000000,0.010000000000
1501851380,2838.670000000000,0.016200000000
1501851388,2838.670000000000,0.004500000000
1501851439,2840.210000000000,0.005900000000
1501851472,2840.210000000000,0.022500000000
1501851537,2838.000000000000,0.010000000000
1501851537,2839.000000000000,0.010000000000
1501851706,2837.380000000000,0.017600000000
1501851779,2839.130000000000,0.058800000000
1501851804,2839.130000000000,0.002800000000
1501851832,2837.490000000000,0.090200000000
1501851908,2837.110000000000,2.603000000000
1501852081,2839.960000000000,0.024700000000
1501852098,2839.910000000000,0.001000000000
1501852191,2838.290000000000,0.123400000000
1501852276,2839.620000000000,0.081100000000
1501852302,2839.670000000000,0.008800000000
1501852309,2838.400000000000,0.121600000000
1501852446,2839.890000000000,0.007300000000
1501852552,2841.870000000000,0.030000000000
1501852561,2841.870000000000,0.100000000000
1501852573,2841.870000000000,0.008600000000
1501852609,2842.490000000000,2.878100000000
1501852609,2843.080000000000,1.121900000000
1501852766,2846.550000000000,0.081000000000
1501852818,2844.260000000000,0.088100000000
1501852827,2846.450000000000,0.011700000000
1501852901,2846.450000000000,0.010300000000
1501852946,2844.680000000000,0.058700000000
1501853015,2847.420000000000,0.022200000000
1501853018,2847.420000000000,0.007300000000
1501853032,2847.420000000000,0.121400000000
1501853041,2847.420000000000,0.017600000000
1501853119,2847.390000000000,0.121300000000
1501853225,2847.490000000000,0.121400000000
1501853318,2849.190000000000,0.017200000000
1501853320,2849.190000000000,0.009000000000
1501853330,2849.190000000000,0.048500000000
1501853387,2847.600000000000,0.020200000000
1501853414,2848.820000000000,0.022300000000
1501853504,2849.680000000000,0.004800000000
1501853558,2849.740000000000,0.004000000000
1501853612,2849.590000000000,0.089500000000
1501853708,2848.940000000000,0.121100000000
1501853759,2850.700000000000,0.040300000000
1501853762,2848.870000000000,0.015300000000
1501853774,2850.230000000000,0.041100000000
1501853897,2850.300000000000,0.018100000000
1501854009,2849.680000000000,0.046100000000
1501854104,2850.710000000000,0.017800000000
1501854170,2850.710000000000,0.003400000000
1501854179,2850.710000000000,0.020400000000
1501854211,2850.710000000000,0.006700000000
1501854235,2850.710000000000,1.525100000000
1501854254,2851.650000000000,2.251800000000
1501854255,2851.650000000000,3.258200000000
1501854291,2855.220000000000,0.008000000000
1501854351,2854.170000000000,0.172000000000
1501854351,2854.170000000000,0.171000000000
1501854355,2853.830000000000,0.171000000000
1501854357,2853.830000000000,1.719500000000
1501854358,2858.200000000000,4.482500000000
1501854385,2855.160000000000,1.944400000000
1501854437,2855.160000000000,0.035900000000
1501854443,2855.160000000000,0.040300000000
1501854467,2854.980000000000,0.027400000000
1501854487,2854.300000000000,2.073800000000
1501854498,2854.880000000000,0.250000000000
1501854500,2854.880000000000,0.054300000000
1501854594,2854.140000000000,1.711900000000
1501854659,2854.440000000000,0.048400000000
1501854675,2854.440000000000,0.090200000000
1501854694,2854.440000000000,0.216100000000
1501854722,2854.440000000000,0.044500000000
1501854764,2854.440000000000,0.010600000000
1501854814,2854.440000000000,0.079900000000
1501854877,2854.440000000000,0.058700000000
1501854904,2854.440000000000,0.021200000000
1501854937,2853.340000000000,0.015000000000
1501854938,2854.260000000000,0.028000000000
1501855011,2853.930000000000,0.259200000000
1501855025,2853.930000000000,0.021200000000
1501855107,2851.650000000000,3.084100000000
1501855110,2851.650000000000,2.311700000000
1501855332,2851.440000000000,0.159600000000
1501855407,2849.080000000000,0.017800000000
1501855424,2849.080000000000,0.015400000000
1501855660,2848.510000000000,0.045100000000
1501855688,2848.450000000000,0.004400000000
1501855690,2848.450000000000,0.090900000000
1501855704,2848.000000000000,3.163100000000
1501855704,2848.000000000000,1.736900000000
1501855805,2848.500000000000,2.442300000000
1501855812,2848.500000000000,0.089300000000
1501855818,2848.500000000000,0.008900000000
1501855884,2848.500000000000,0.089300000000
1501855969,2848.500000000000,0.008700000000
1501855993,2847.260000000000,1.000000000000
1501856079,2847.370000000000,0.015700000000
1501856424,2848.100000000000,2.248000000000
1501856425,2848.100000000000,2.445400000000
1501856425,2848.500000000000,0.021100000000
1501856425,2848.100000000000,0.006000000000
1501856440,2848.230000000000,2.000000000000
1501856484,2848.390000000000,0.121100000000
1501856508,2848.390000000000,0.014900000000
1501856526,2848.390000000000,0.080700000000
1501856592,2848.390000000000,0.244800000000
1501856637,2848.500000000000,0.010600000000
1501856667,2848.390000000000,0.625800000000
1501856698,2848.500000000000,0.095500000000
1501856708,2848.200000000000,3.100000000000
1501856708,2848.190000000000,0.828000000000
1501856848,2848.500000000000,0.000800000000
1501856902,2851.070000000000,0.012400000000
1501856958,2849.310000000000,0.121000000000
1501857282,2852.350000000000,0.044500000000
1501857298,2851.210000000000,0.004000000000
1501857355,2851.160000000000,0.000900000000
1501857390,2853.300000000000,0.089200000000
1501857393,2853.300000000000,0.021300000000
1501857432,2855.180000000000,0.020600000000
1501857465,2855.180000000000,0.044600000000
1501857487,2853.150000000000,1.823000000000
1501857487,2853.150000000000,2.095900000000
1501857598,2854.620000000000,0.010000000000
1501857811,2854.740000000000,0.040000000000
1501857877,2854.740000000000,0.051100000000
1501857973,2856.680000000000,0.055500000000
1501858268,2855.190000000000,2.818800000000
1501858269,2855.190000000000,0.349000000000
1501858269,2855.190000000000,0.677200000000
1501858269,2855.190000000000,0.349000000000
1501858269,2855.190000000000,0.349000000000
1501858269,2855.190000000000,0.349000000000
1501858270,2855.190000000000,0.022000000000
1501858270,2855.190000000000,0.327000000000
1501858834,2863.660000000000,0.005100000000
1501858837,2863.660000000000,0.017700000000
1501858975,2865.820000000000,1.500000000000
1501859523,2871.250000000000,0.001700000000
1501859523,2871.000000000000,0.010000000000
1501859632,2872.220000000000,0.017000000000
1501859637,2872.220000000000,0.041400000000
1501859765,2872.760000000000,0.019900000000
1501859765,2872.760000000000,0.005300000000
1501859771,2871.330000000000,0.023900000000
1501859785,2871.330000000000,0.004400000000
1501859816,2871.330000000000,0.250000000000
1501859934,2869.810000000000,0.017000000000
1501859976,2869.810000000000,0.013400000000
1501860048,2869.810000000000,0.063600000000
1501860124,2872.200000000000,0.004400000000
1501860145,2870.450000000000,0.008800000000
1501860175,2870.340000000000,0.117900000000
1501860242,2872.470000000000,2.328500000000
1501860243,2875.000000000000,2.731100000000
1501860243,2875.000000000000,2.880100000000
1501860243,2875.000000000000,2.213500000000
1501860243,2875.000000000000,2.579800000000
1501860243,2875.000000000000,2.386200000000
1501860244,2875.000000000000,1.886800000000
1501860244,2875.000000000000,2.358200000000
1501860244,2875.000000000000,1.716600000000
1501860245,2875.000000000000,2.618000000000
1501860308,2875.000000000000,1.301200000000
1501860309,2875.000000000000,1.498500000000
1501860309,2875.000000000000,2.161500000000
1501860310,2875.000000000000,1.472300000000
1501860310,2875.000000000000,2.504900000000
1501860310,2875.000000000000,2.481700000000
1501860486,2875.010000000000,0.202000000000
1501860565,2875.010000000000,0.144000000000
1501860566,2875.010000000000,0.346000000000
1501860566,2875.010000000000,0.346000000000
1501860566,2875.010000000000,1.847600000000
1501860566,2875.010000000000,0.346000000000
1501860566,2875.010000000000,0.346000000000
1501860567,2875.010000000000,2.152400000000
1501860593,2875.000000000000,0.144000000000
1501860651,2875.010000000000,0.826100000000
1501860666,2875.000000000000,0.143000000000
1501860678,2875.000000000000,0.143000000000
1501860700,2875.000000000000,0.143000000000
1501860823,2875.000000000000,2.747200000000
1501860850,2875.010000000000,0.164000000000
1501860850,2875.010000000000,0.346000000000
1501860862,2875.010000000000,0.346000000000
1501860862,2875.010000000000,0.182000000000
1501860863,2875.010000000000,0.346000000000
1501860863,2875.010000000000,0.346000000000
1501860863,2875.090000000000,1.486800000000
1501860863,2875.090000000000,2.208800000000
1501860863,2875.090000000000,0.304400000000
1501860915,2877.000000000000,3.173900000000
1501860984,2877.230000000000,0.148000000000
1501861225,2875.780000000000,2.118100000000
1501861226,2875.150000000000,1.881900000000
1501861243,2875.510000000000,4.000000000000
1501861249,2875.510000000000,0.438200000000
1501861273,2875.000000000000,2.693700000000
1501861274,2875.000000000000,2.821500000000
1501861284,2875.000000000000,1.735800000000
1501861284,2875.000000000000,1.725300000000
1501861284,2875.000000000000,2.584600000000
1501861285,2875.000000000000,0.228900000000
1501861286,2875.000000000000,0.306100000000
1501861286,2875.000000000000,1.391600000000
1501861290,2875.000000000000,2.175300000000
1501861290,2875.000000000000,1.429100000000
1501861291,2875.000000000000,2.069700000000
1501861309,2875.000000000000,4.561700000000
1501861321,2875.000000000000,0.710500000000
1501861322,2875.000000000000,0.500000000000
1501861322,2875.000000000000,0.403700000000
1501861325,2875.000000000000,0.094700000000
1501861325,2875.000000000000,0.461600000000
1501861328,2875.000000000000,1.535800000000
1501861329,2875.000000000000,2.073600000000
1501861330,2875.000000000000,1.955300000000
1501861330,2875.000000000000,2.829300000000
1501861331,2875.000000000000,2.406400000000
1501861331,2875.000000000000,0.401700000000
1501861331,2875.000000000000,2.009300000000
1501861338,2875.000000000000,2.170400000000
1501861342,2875.000000000000,0.403600000000
1501861364,2875.000000000000,0.067700000000
1501861364,2875.010000000000,2.904000000000
1501861365,2875.010000000000,0.100000000000
1501861365,2875.010000000000,1.096000000000
1501861366,2875.000000000000,1.500300000000
1501861366,2875.010000000000,1.543700000000
1501861366,2875.000000000000,1.366800000000
1501861367,2875.000000000000,2.321600000000
1501861370,2875.050000000000,2.682400000000
1501861370,2875.010000000000,3.543500000000
1501861370,2875.010000000000,0.712800000000
1501861370,2875.010000000000,0.346000000000
1501861370,2875.010000000000,0.000400000000
1501861371,2875.050000000000,0.798600000000
1501861371,2875.000000000000,0.069000000000
1501861374,2875.000000000000,1.827900000000
1501861375,2875.000000000000,1.987100000000
1501861376,2875.000000000000,2.104300000000
1501861376,2875.000000000000,1.274200000000
1501861376,2875.000000000000,1.244800000000
1501861376,2875.000000000000,1.857000000000
1501861377,2875.000000000000,2.427700000000
1501861388,2875.010000000000,3.982100000000
1501861388,2875.010000000000,0.017900000000
1501861392,2875.410000000000,0.346000000000
1501861408,2875.410000000000,2.060000000000
1501861409,2875.000000000000,0.020000000000
1501861410,2875.000000000000,0.020000000000
1501861415,2875.000000000000,0.019600000000
1501861416,2875.000000000000,0.059000000000
1501861416,2875.000000000000,0.408200000000
1501861417,2875.000000000000,0.105100000000
1501861418,2875.000000000000,0.067900000000
1501861419,2875.000000000000,0.068300000000
1501861421,2875.000000000000,0.360400000000
1501861422,2875.000000000000,0.012100000000
1501861423,2875.000000000000,0.089300000000
1501861521,2875.000000000000,1.138400000000
1501861532,2873.150000000000,0.346000000000
1501861532,2873.150000000000,0.346000000000
1501861543,2873.330000000000,2.000000000000
1501861801,2869.670000000000,0.346000000000
1501861801,2869.670000000000,0.346000000000
1501861801,2869.670000000000,0.000300000000
1501861801,2869.670000000000,0.346000000000
1501861802,2869.670000000000,0.346000000000
1501861802,2869.670000000000,0.346000000000
1501861802,2869.920000000000,1.843500000000
1501861802,2869.920000000000,1.645500000000
1501861809,2870.240000000000,0.029000000000
1501861890,2868.620000000000,1.374200000000
1501861890,2868.620000000000,2.625800000000
1501861891,2869.560000000000,3.480000000000
1501861921,2868.970000000000,3.329100000000
1501861977,2869.210000000000,3.196700000000
1501861977,2868.940000000000,0.803300000000
1501861978,2869.250000000000,2.073500000000
1501862293,2869.560000000000,0.694700000000
1501862293,2869.560000000000,2.791300000000
1501862318,2869.360000000000,1.900000000000
1501862803,2875.060000000000,1.140000000000
1501863061,2872.180000000000,0.084200000000
1501863076,2872.180000000000,0.052300000000
1501863129,2872.170000000000,0.701000000000
1501863176,2872.180000000000,0.346000000000
1501863176,2872.180000000000,0.345000000000
1501863176,2872.180000000000,0.346000000000
1501863176,2872.180000000000,0.345000000000
1501863176,2872.180000000000,0.345000000000
1501863200,2873.040000000000,0.002100000000
1501863299,2874.050000000000,0.000700000000
1501863314,2873.480000000000,1.000000000000
1501863362,2875.040000000000,0.243300000000
1501863603,2874.280000000000,0.048000000000
1501863742,2873.470000000000,0.201300000000
1501863965,2870.610000000000,0.550600000000
1501864097,2870.600000000000,0.144000000000
1501864099,2870.610000000000,0.345000000000
1501864100,2870.610000000000,0.346000000000
1501864100,2870.610000000000,0.143000000000
1501864100,2870.610000000000,0.100000000000
1501864100,2870.610000000000,0.273000000000
1501864100,2870.610000000000,0.101000000000
1501864100,2870.610000000000,0.345000000000
1501864188,2873.130000000000,2.826700000000
1501864360,2871.950000000000,3.479000000000
1501864360,2871.900000000000,2.390800000000
1501864360,2870.600000000000,0.276000000000
1501864361,2870.060000000000,2.354200000000
1501864588,2870.120000000000,3.297700000000
1501864588,2870.120000000000,0.702300000000
1501864611,2871.890000000000,0.345000000000
1501864611,2871.840000000000,3.475000000000
1501864611,2871.890000000000,1.833400000000
1501864612,2871.890000000000,0.345000000000
1501864612,2871.890000000000,0.345000000000
1501864612,2871.890000000000,0.345000000000
1501864613,2872.500000000000,2.337900000000
1501864613,2872.500000000000,2.653600000000
1501864613,2872.500000000000,1.582900000000
1501864614,2872.500000000000,0.345000000000
1501864757,2872.650000000000,0.000400000000
1501864855,2872.500000000000,0.032000000000
1501864886,2872.500000000000,4.999900000000
1501864888,2872.500000000000,2.622500000000
1501864888,2872.500000000000,2.664400000000
1501864888,2872.500000000000,2.351200000000
1501864889,2872.500000000000,2.393700000000
1501864889,2872.500000000000,2.570000000000
1501864889,2872.500000000000,2.636300000000
1501864899,2872.500000000000,16.110000000000
1501864984,2872.500000000000,0.012200000000
1501864985,2870.000000000000,0.700000000000
1501864985,2871.570000000000,0.987800000000
1501865001,2870.000000000000,0.925700000000
1501865003,2870.000000000000,2.374200000000
1501865008,2870.000000000000,0.024500000000
1501865009,2870.000000000000,0.024500000000
1501865010,2870.000000000000,0.987600000000
1501865013,2870.000000000000,0.464500000000
1501865016,2870.000000000000,0.024500000000
1501865017,2870.000000000000,0.024500000000
1501865020,2870.000000000000,0.031400000000
1501865022,2870.000000000000,0.243000000000
1501865024,2870.000000000000,3.174800000000
1501865025,2870.000000000000,0.034900000000
1501865038,2870.000000000000,0.027900000000
1501865041,2870.000000000000,0.070100000000
1501865041,2870.000000000000,0.201700000000
1501865058,2870.000000000000,0.046700000000
1501865060,2870.000000000000,0.065900000000
1501865061,2870.000000000000,0.027400000000
1501865067,2870.000000000000,0.001300000000
1501865071,2870.000000000000,2.946400000000
1501865084,2870.000000000000,2.000000000000
1501865086,2870.000000000000,2.000000000000
1501865089,2870.000000000000,2.156300000000
1501865102,2870.000000000000,0.403100000000
1501865149,2870.000000000000,1.321000000000
1501865149,2870.000000000000,1.826500000000
1501865150,2870.000000000000,1.671000000000
1501865202,2870.000000000000,4.596800000000
1501865212,2870.000000000000,2.000000000000
1501865214,2870.000000000000,0.075000000000
1501865216,2870.000000000000,0.560700000000
1501865259,2870.000000000000,0.601400000000
1501865260,2870.000000000000,0.029900000000
1501865261,2870.000000000000,0.087700000000
1501865262,2870.000000000000,0.423900000000
1501865263,2870.000000000000,0.013700000000
1501865263,2870.000000000000,0.419400000000
1501865264,2870.000000000000,0.043400000000
1501865271,2870.000000000000,0.439800000000
1501865272,2870.000000000000,0.439700000000
1501865289,2870.000000000000,4.998200000000
1501865322,2870.000000000000,0.082300000000
1501865406,2870.000000000000,0.019600000000
1501865412,2870.000000000000,0.035100000000
1501865413,2870.000000000000,0.035200000000
1501865416,2870.000000000000,0.196900000000
1501865421,2870.000000000000,0.120400000000
1501865422,2870.000000000000,0.020000000000
1501865429,2870.000000000000,1.500000000000
1501865432,2870.000000000000,0.200000000000
1501865435,2870.000000000000,0.011400000000
1501865435,2870.000000000000,0.168100000000
1501865437,2870.000000000000,0.024500000000
1501865441,2870.000000000000,0.020000000000
1501865442,2870.000000000000,0.100000000000
1501865444,2870.000000000000,0.019000000000
1501865453,2870.000000000000,0.070000000000
1501865456,2870.000000000000,0.078900000000
1501865459,2870.000000000000,1.901400000000
1501865459,2870.000000000000,0.017000000000
1501865460,2870.000000000000,0.100000000000
1501865463,2870.000000000000,0.330300000000
1501865464,2870.000000000000,0.225500000000
1501865465,2870.000000000000,0.344000000000
1501865469,2870.000000000000,1.851900000000
1501865469,2870.000000000000,1.609600000000
1501865470,2870.000000000000,1.003100000000
1501865470,2870.000000000000,1.166300000000
1501865470,2870.000000000000,1.223600000000
1501865470,2870.000000000000,1.042600000000
1501865471,2870.000000000000,2.360800000000
1501865471,2870.000000000000,1.128000000000
1501865478,2870.000000000000,2.202600000000
1501865508,2870.000000000000,0.144000000000
1501865514,2870.000000000000,1.552100000000
1501865514,2870.000000000000,1.093900000000
1501865515,2870.000000000000,2.138500000000
1501865515,2870.000000000000,1.877400000000
1501865516,2870.000000000000,1.996800000000
1501865542,2870.000000000000,33.460200000000
1501865554,2868.510000000000,0.174500000000
1501865554,2868.510000000000,3.825500000000
1501865555,2868.510000000000,0.345000000000
1501865555,2868.510000000000,1.198300000000
1501865555,2868.510000000000,2.801700000000
1501865555,2868.510000000000,0.002300000000
1501865555,2868.510000000000,0.345000000000
1501865555,2868.510000000000,0.346000000000
1501865556,2868.510000000000,0.345000000000
1501865556,2869.960000000000,0.448700000000
1501865556,2868.510000000000,0.345000000000
1501865557,2868.900000000000,0.101000000000
1501865559,2868.940000000000,0.100000000000
1501865560,2868.940000000000,3.766300000000
1501865561,2867.020000000000,0.133700000000
1501865638,2868.670000000000,3.394200000000
1501865639,2867.210000000000,0.605800000000
1501865656,2868.190000000000,1.000000000000
1501865669,2866.000000000000,3.803200000000
1501865669,2868.180000000000,3.366600000000
1501865669,2866.000000000000,3.368100000000
1501865670,2866.000000000000,3.035500000000
1501865670,2866.000000000000,2.983000000000
1501865670,2866.000000000000,2.581500000000
1501865670,2866.000000000000,3.236000000000
1501865671,2866.000000000000,2.456000000000
1501865678,2865.410000000000,0.144000000000
1501865691,2865.000000000000,10.000000000000
1501865691,2865.000000000000,20.000000000000
1501865691,2865.000000000000,20.000000000000
1501865696,2865.000000000000,10.000000000000
1501865696,2865.000000000000,20.000000000000
1501865697,2862.000000000000,3.546300000000
1501865697,2862.000000000000,3.376800000000
1501865697,2865.000000000000,20.000000000000
1501865697,2863.830000000000,2.173200000000
1501865698,2862.000000000000,3.400400000000
1501865698,2862.000000000000,2.562500000000
1501865698,2862.000000000000,2.354800000000
1501865714,2861.990000000000,0.005900000000
1501865839,2859.400000000000,0.400000000000
1501865846,2859.710000000000,0.228000000000
1501865887,2857.000000000000,0.100000000000
1501865951,2854.410000000000,1.000000000000
1501866000,2851.000000000000,0.050000000000
1501866042,2846.510000000000,2.875800000000
1501866042,2846.000000000000,2.164500000000
1501866049,2845.800000000000,3.495000000000
1501866050,2842.050000000000,5.093900000000
1501866050,2842.000000000000,3.044700000000
1501866050,2842.000000000000,3.295300000000
1501866050,2845.750000000000,1.996600000000
1501866051,2842.000000000000,2.173400000000
1501866051,2842.000000000000,0.901100000000
1501866053,2843.650000000000,1.000000000000
1501866064,2846.000000000000,0.016100000000
1501866075,2845.010000000000,0.088900000000
1501866184,2848.830000000000,0.005100000000
1501866223,2848.810000000000,0.157800000000
1501866223,2848.810000000000,2.042200000000
1501866285,2847.510000000000,0.302800000000
1501866304,2847.560000000000,0.034700000000
1501866374,2848.310000000000,0.104400000000
1501866382,2848.310000000000,0.020000000000
1501866498,2846.590000000000,0.354000000000
1501866499,2846.590000000000,0.351000000000
1501866499,2845.930000000000,1.000000000000
1501866499,2846.590000000000,0.350000000000
1501866503,2846.530000000000,0.002800000000
1501866507,2846.470000000000,0.011700000000
1501866512,2846.420000000000,0.020000000000
1501866541,2846.420000000000,0.006800000000
1501866580,2846.480000000000,0.008800000000
1501866641,2845.030000000000,0.079700000000
1501866782,2846.350000000000,0.014700000000
1501866787,2846.400000000000,0.008500000000
1501866810,2845.640000000000,0.011700000000
1501866817,2846.670000000000,0.017000000000
1501866845,2845.700000000000,0.002800000000
1501866855,2845.700000000000,0.010300000000
1501866971,2845.700000000000,0.005900000000
1501866990,2845.000000000000,0.050000000000
1501867050,2843.720000000000,1.976200000000
1501867056,2843.810000000000,0.003400000000
1501867088,2842.210000000000,0.002800000000
1501867099,2842.160000000000,0.022300000000
1501867102,2842.160000000000,2.411200000000
1501867108,2841.610000000000,2.433000000000
1501867111,2841.340000000000,0.824000000000
1501867148,2841.330000000000,0.001700000000
1501867223,2840.300000000000,0.008900000000
1501867441,2841.400000000000,2.519600000000
1501867441,2841.400000000000,2.480300000000
1501867445,2842.920000000000,3.518000000000
1501867448,2842.930000000000,0.120700000000
1501867450,2841.620000000000,0.000100000000
1501867451,2843.010000000000,0.825500000000
1501867451,2841.620000000000,3.174500000000
1501867452,2841.610000000000,2.000000000000
1501867455,2842.310000000000,0.825500000000
1501867456,2842.310000000000,0.825500000000
1501867461,2843.010000000000,2.421000000000
1501867462,2843.010000000000,0.753500000000
1501867466,2842.510000000000,3.246500000000
1501867477,2842.600000000000,4.000000000000
1501867478,2840.620000000000,0.900000000000
1501867589,2850.390000000000,0.004000000000
1501867679,2854.660000000000,0.004000000000
1501867862,2854.260000000000,3.096700000000
1501867884,2854.470000000000,0.123000000000
1501867895,2854.470000000000,0.004000000000
1501867919,2854.470000000000,0.044000000000
1501868045,2854.730000000000,0.084500000000
1501868138,2850.980000000000,0.029300000000
1501868188,2850.930000000000,0.011700000000
1501868196,2850.930000000000,0.005900000000
1501868218,2850.930000000000,0.081400000000
1501868229,2851.990000000000,0.005900000000
1501868233,2851.990000000000,0.023500000000
1501868237,2851.990000000000,0.004300000000
1501869139,2855.480000000000,2.320900000000
1501869606,2853.870000000000,0.045800000000
1501869618,2853.870000000000,0.040100000000
1501869633,2853.870000000000,0.013300000000
1501869645,2853.870000000000,0.088900000000
1501869651,2853.870000000000,0.035500000000
1501869681,2853.840000000000,0.035500000000
1501869684,2853.840000000000,0.024000000000
1501869933,2848.610000000000,2.743000000000
1501870061,2849.020000000000,1.347200000000
1501870061,2849.020000000000,2.159800000000
1501870062,2849.020000000000,0.102000000000
1501870123,2850.680000000000,0.014000000000
1501870463,2850.960000000000,0.500000000000
1501870531,2849.930000000000,0.120200000000
1501870694,2848.510000000000,0.500000000000
1501870743,2849.680000000000,0.028000000000
1501870756,2847.340000000000,0.900000000000
1501870757,2847.070000000000,1.973500000000
1501870805,2845.940000000000,1.912900000000
1501870806,2845.920000000000,0.100000000000
1501870806,2845.840000000000,0.500000000000
1501870806,2845.940000000000,1.601100000000
1501870857,2845.850000000000,2.886000000000
1501870858,2842.000000000000,2.896200000000
1501870858,2844.040000000000,3.516000000000
1501870858,2844.140000000000,0.500000000000
1501870859,2842.000000000000,2.000800000000
1501870859,2842.000000000000,3.182000000000
1501870859,2842.000000000000,3.361700000000
1501870860,2842.000000000000,2.621900000000
1501870860,2842.000000000000,2.399500000000
1501870861,2842.000000000000,0.015000000000
1501870861,2842.000000000000,3.068500000000
1501870861,2842.000000000000,2.912800000000
1501870862,2842.000000000000,2.763000000000
1501870862,2842.000000000000,2.233300000000
1501870862,2842.000000000000,2.843200000000
1501870863,2842.000000000000,1.731400000000
1501870865,2840.640000000000,0.005900000000
1501870869,2840.640000000000,0.010600000000
1501870878,2840.630000000000,0.016000000000
1501870903,2843.400000000000,0.013800000000
1501870937,2841.790000000000,2.799600000000
1501870938,2841.790000000000,1.200400000000
1501870938,2843.350000000000,0.168800000000
1501870999,2841.110000000000,0.500000000000
1501870999,2841.030000000000,1.130800000000
1501870999,2841.030000000000,2.381200000000
1501871021,2840.940000000000,0.014700000000
1501871077,2841.720000000000,0.017600000000
1501871091,2841.720000000000,0.030800000000
1501871107,2842.630000000000,0.006000000000
1501871112,2840.510000000000,0.010300000000
1501871116,2840.510000000000,0.005900000000
1501871173,2841.720000000000,0.005900000000
1501871207,2841.760000000000,3.520000000000
1501871250,2841.770000000000,0.010800000000
1501871263,2840.370000000000,4.000000000000
1501871263,2840.380000000000,1.000000000000
1501871263,2840.660000000000,0.500000000000
1501871264,2838.000000000000,0.010000000000
1501871264,2838.370000000000,4.000000000000
1501871264,2839.000000000000,0.010000000000
1501871264,2839.400000000000,2.641600000000
1501871265,2838.000000000000,2.394600000000
1501871265,2838.000000000000,2.256900000000
1501871265,2838.000000000000,2.865100000000
1501871265,2838.000000000000,2.665600000000
1501871265,2838.000000000000,2.922900000000
1501871269,2838.000000000000,0.158000000000
1501871270,2837.990000000000,0.023200000000
1501871273,2838.000000000000,0.025000000000
1501871276,2838.960000000000,0.006800000000
1501871278,2839.060000000000,0.856400000000
1501871281,2840.100000000000,2.075000000000
1501871281,2839.060000000000,1.674800000000
1501871301,2839.360000000000,0.500000000000
1501871323,2840.390000000000,3.518000000000
1501871327,2840.490000000000,0.006500000000
1501871343,2840.480000000000,3.518000000000
1501871365,2839.540000000000,0.012400000000
1501871373,2839.490000000000,0.500000000000
1501871374,2839.010000000000,2.360400000000
1501871384,2840.520000000000,3.520000000000
1501871384,2839.310000000000,0.100000000000
1501871392,2839.800000000000,2.758800000000
1501871392,2839.810000000000,0.210800000000
1501871393,2839.800000000000,0.763200000000
1501871406,2839.760000000000,0.046200000000
1501871431,2841.780000000000,0.006800000000
1501871448,2843.350000000000,3.022300000000
1501871449,2846.540000000000,0.977700000000
1501871449,2844.000000000000,1.100000000000
1501871450,2844.260000000000,1.100000000000
1501871513,2845.890000000000,1.900000000000
1501871524,2845.200000000000,0.142400000000
1501871532,2846.220000000000,0.331800000000
1501871547,2846.220000000000,0.501000000000
1501871568,2846.220000000000,0.501000000000
1501871599,2846.220000000000,0.000100000000
1501871600,2845.990000000000,0.665500000000
1501871600,2846.210000000000,0.373000000000
1501871600,2846.210000000000,1.000000000000
1501871600,2846.210000000000,0.362000000000
1501871600,2846.210000000000,0.365000000000
1501871657,2847.570000000000,0.340000000000
1501871716,2846.890000000000,0.034300000000
1501871809,2846.890000000000,0.022000000000
1501871830,2846.890000000000,0.007200000000
1501871859,2846.030000000000,0.500000000000
1501871860,2846.010000000000,3.334500000000
1501871860,2845.120000000000,3.513000000000
1501871860,2845.080000000000,0.065400000000
1501871861,2845.070000000000,3.095900000000
1501871861,2844.000000000000,2.686700000000
1501871863,2843.990000000000,0.023200000000
1501871920,2846.890000000000,0.102900000000
1501871926,2846.890000000000,0.031100000000
1501871927,2846.880000000000,0.368000000000
1501871927,2846.880000000000,0.365000000000
1501871943,2846.510000000000,0.024700000000
1501871950,2846.510000000000,0.004000000000
1501871959,2845.990000000000,3.976800000000
1501871959,2844.000000000000,3.510000000000
1501871966,2843.990000000000,0.023200000000
1501872009,2846.040000000000,0.500000000000
1501872010,2846.040000000000,0.367000000000
1501872010,2844.000000000000,3.513000000000
1501872011,2842.000000000000,2.139900000000
1501872011,2842.000000000000,1.821200000000
1501872011,2843.950000000000,2.395000000000
1501872011,2842.000000000000,2.553300000000
1501872011,2842.000000000000,2.249400000000
1501872012,2842.000000000000,2.562600000000
1501872012,2842.000000000000,2.140300000000
1501872012,2842.000000000000,2.582500000000
1501872013,2842.000000000000,2.387700000000
1501872013,2842.000000000000,1.664500000000
1501872013,2842.000000000000,3.976800000000
1501872040,2843.190000000000,0.004700000000
1501872045,2843.190000000000,0.734900000000
1501872047,2843.180000000000,3.224300000000
1501872047,2843.190000000000,0.716600000000
1501872047,2843.190000000000,0.148100000000
1501872048,2843.970000000000,0.367600000000
1501872050,2847.740000000000,0.725400000000
1501872050,2843.970000000000,1.179500000000
1501872050,2843.190000000000,0.000200000000
1501872053,2843.880000000000,0.735900000000
1501872054,2843.880000000000,0.220900000000
1501872054,2843.880000000000,0.013800000000
1501872055,2843.880000000000,0.666500000000
1501872056,2843.880000000000,0.499000000000
1501872056,2843.880000000000,0.395400000000
1501872057,2847.800000000000,0.140500000000
1501872057,2847.800000000000,0.627400000000
1501872079,2844.530000000000,0.020000000000
1501872119,2844.480000000000,0.500000000000
1501872122,2844.480000000000,0.048200000000
1501872123,2844.530000000000,0.189400000000
1501872124,2844.530000000000,0.191700000000
1501872126,2844.530000000000,0.238200000000
1501872137,2844.340000000000,0.195200000000
1501872138,2844.340000000000,0.712100000000
1501872138,2844.340000000000,0.237600000000
1501872139,2844.340000000000,0.578900000000
1501872139,2844.340000000000,0.319400000000
1501872140,2844.190000000000,2.313100000000
1501872182,2844.860000000000,0.066700000000
1501872189,2844.860000000000,0.001600000000
1501872199,2843.930000000000,0.408300000000
1501872218,2843.930000000000,0.721600000000
1501872220,2843.930000000000,0.737300000000
1501872221,2843.930000000000,0.737200000000
1501872229,2844.520000000000,0.140300000000
1501872229,2844.520000000000,0.076600000000
1501872240,2844.520000000000,0.556800000000
1501872265,2845.020000000000,0.118800000000
1501872267,2845.020000000000,0.978900000000
1501872268,2845.020000000000,0.988300000000
1501872289,2844.090000000000,0.218000000000
1501872289,2844.960000000000,0.378000000000
1501872289,2843.950000000000,3.511000000000
1501872290,2842.000000000000,2.311500000000
1501872290,2842.000000000000,2.340100000000
1501872290,2842.000000000000,3.095100000000
1501872290,2843.340000000000,2.623000000000
1501872291,2842.000000000000,0.001300000000
1501872292,2842.000000000000,1.686900000000
1501872300,2842.000000000000,0.619100000000
1501872302,2842.830000000000,0.600500000000
1501872306,2842.830000000000,0.265000000000
1501872306,2842.830000000000,0.010100000000
1501872315,2842.830000000000,0.592000000000
1501872320,2844.260000000000,0.736300000000
1501872320,2844.260000000000,1.317900000000
1501872322,2843.510000000000,2.268200000000
1501872322,2843.450000000000,2.078500000000
1501872324,2844.980000000000,0.546000000000
1501872364,2844.820000000000,0.004000000000
1501872395,2844.010000000000,0.380000000000
1501872396,2842.000000000000,2.825600000000
1501872397,2842.000000000000,0.000400000000
1501872398,2842.000000000000,1.731800000000
1501872414,2843.680000000000,2.320300000000
1501872500,2843.800000000000,0.002800000000
1501872526,2844.690000000000,0.162100000000
1501872530,2844.690000000000,0.757100000000
1501872531,2844.690000000000,0.587800000000
1501872532,2844.690000000000,0.757100000000
1501872534,2844.900000000000,0.757100000000
1501872536,2844.900000000000,0.206200000000
1501872537,2844.760000000000,0.757100000000
1501872539,2844.760000000000,0.287000000000
1501872543,2844.760000000000,0.270800000000
1501872544,2844.280000000000,0.005100000000
1501872545,2844.280000000000,0.368000000000
1501872549,2844.280000000000,0.035200000000
1501872582,2845.020000000000,0.370000000000
1501872583,2844.720000000000,0.014600000000
1501872583,2844.720000000000,0.370000000000
1501872588,2844.720000000000,0.015300000000
1501872601,2845.200000000000,0.108900000000
1501872664,2844.890000000000,0.010000000000
1501872692,2843.850000000000,0.372000000000
1501872692,2843.850000000000,0.382000000000
1501872692,2844.140000000000,2.335900000000
1501872692,2844.150000000000,0.000400000000
1501872693,2842.000000000000,2.632200000000
1501872693,2842.000000000000,1.792700000000
1501872693,2842.000000000000,2.937400000000
1501872693,2842.000000000000,2.931300000000
1501872693,2843.010000000000,1.679700000000
1501872694,2842.000000000000,1.673200000000
1501872694,2842.000000000000,2.555400000000
1501872706,2843.620000000000,0.014700000000
1501872722,2843.620000000000,0.503000000000
1501872722,2843.620000000000,0.022200000000
1501872747,2843.620000000000,0.503000000000
1501872751,2842.450000000000,3.252700000000
1501872752,2843.000000000000,0.747300000000
1501872776,2842.640000000000,0.005900000000
1501872784,2842.980000000000,3.264300000000
1501872875,2841.910000000000,0.020000000000
1501872886,2840.930000000000,0.121100000000
1501872914,2841.020000000000,0.005100000000
1501872926,2840.600000000000,0.256000000000
1501872926,2840.600000000000,0.373000000000
1501872927,2839.600000000000,0.372000000000
1501872959,2840.540000000000,0.004300000000
1501873001,2839.410000000000,0.384000000000
1501873002,2838.690000000000,1.344800000000
1501873002,2838.690000000000,2.171200000000
1501873002,2839.410000000000,0.374000000000
1501873002,2839.410000000000,0.375000000000
1501873002,2838.000000000000,2.961100000000
1501873038,2838.830000000000,0.500000000000
1501873042,2838.830000000000,1.169400000000
1501873043,2841.050000000000,0.032100000000
1501873074,2840.980000000000,0.103400000000
1501873081,2840.980000000000,0.711900000000
1501873097,2840.980000000000,0.306600000000
1501873127,2839.330000000000,0.500000000000
1501873127,2839.340000000000,0.000100000000
1501873128,2838.920000000000,0.376000000000
1501873129,2838.760000000000,0.005900000000
1501873187,2837.000000000000,0.030000000000
1501873187,2837.000000000000,2.250000000000
1501873202,2836.000000000000,0.010000000000
1501873253,2835.210000000000,0.024100000000
1501873577,2838.650000000000,0.386000000000
1501873577,2838.650000000000,0.377000000000
1501873578,2836.900000000000,0.130000000000
1501873578,2837.840000000000,2.107900000000
1501873578,2838.650000000000,0.377000000000
1501873580,2836.000000000000,2.200600000000
1501873580,2836.000000000000,2.872800000000
1501873580,2836.000000000000,2.564500000000
1501873615,2838.350000000000,0.034800000000
1501873616,2838.350000000000,0.034800000000
1501873616,2838.350000000000,0.146200000000
1501873629,2837.000000000000,2.163800000000
1501873679,2837.010000000000,0.089300000000
1501873724,2837.800000000000,0.384100000000
1501873864,2837.800000000000,0.723000000000
1501873927,2837.800000000000,0.106800000000
1501873943,2837.800000000000,0.089300000000
1501874010,2838.670000000000,0.194100000000
1501874025,2838.620000000000,0.007200000000
1501874033,2838.620000000000,0.577900000000
1501874040,2838.620000000000,0.078300000000
1501874051,2838.620000000000,0.150000000000
1501874059,2838.620000000000,0.083900000000
1501874087,2838.180000000000,0.139200000000
1501874206,2838.080000000000,0.620200000000
1501874210,2838.120000000000,0.749300000000
1501874238,2838.120000000000,0.005500000000
1501874261,2838.170000000000,0.017800000000
1501874263,2838.170000000000,0.019200000000
1501874291,2838.050000000000,0.024100000000
1501874291,2838.040000000000,0.378000000000
1501874291,2838.040000000000,0.387000000000
1501874292,2834.000000000000,2.364400000000
1501874292,2838.040000000000,0.378000000000
1501874292,2835.970000000000,2.995800000000
1501874292,2834.710000000000,0.500000000000
1501874293,2834.000000000000,1.806700000000
1501874293,2834.000000000000,1.567400000000
1501874293,2834.000000000000,2.495400000000
1501874293,2834.000000000000,2.762700000000
1501874315,2835.930000000000,0.067000000000
1501874333,2835.930000000000,0.006800000000
1501874344,2836.040000000000,0.011800000000
1501874384,2832.970000000000,3.115100000000
1501874384,2833.000000000000,0.010000000000
1501874423,2830.950000000000,0.040000000000
1501874435,2830.000000000000,2.569300000000
1501874436,2830.000000000000,1.299900000000
1501874436,2830.000000000000,2.130800000000
1501874456,2829.930000000000,0.023600000000
1501874488,2829.930000000000,0.032400000000
1501874490,2829.980000000000,1.120300000000
1501874502,2829.740000000000,2.322600000000
1501874525,2829.580000000000,0.017700000000
1501874540,2829.570000000000,2.449500000000
1501874542,2829.570000000000,0.003400000000
1501874544,2829.570000000000,2.550300000000
1501874551,2830.810000000000,0.020700000000
1501874561,2830.760000000000,0.076000000000
1501874572,2830.760000000000,2.624600000000
1501874594,2830.760000000000,0.783700000000
1501874595,2830.760000000000,0.012400000000
1501874600,2830.070000000000,0.743000000000
1501874600,2830.080000000000,0.000200000000
1501874601,2829.590000000000,0.381000000000
1501874601,2830.050000000000,0.383000000000
1501874602,2829.590000000000,0.020600000000
1501874602,2829.590000000000,0.389000000000
1501874606,2829.590000000000,0.001700000000
1501874635,2829.530000000000,0.619600000000
1501874650,2829.540000000000,0.819600000000
1501874650,2829.530000000000,4.180400000000
1501874661,2829.770000000000,0.004000000000
1501874688,2829.720000000000,0.001700000000
1501874737,2831.120000000000,0.017700000000
1501874762,2831.120000000000,0.011800000000
1501874777,2831.120000000000,0.004400000000
1501874872,2829.770000000000,0.040400000000
1501874899,2829.000000000000,0.010000000000
1501874899,2829.000000000000,0.383000000000
1501874899,2828.610000000000,2.227700000000
1501874900,2828.610000000000,2.576600000000
1501874900,2828.610000000000,0.295700000000
1501874966,2829.870000000000,0.121200000000
1501875005,2829.910000000000,0.008900000000
1501875035,2828.650000000000,0.004000000000
1501875101,2828.650000000000,0.004400000000
1501875140,2828.000000000000,0.010000000000
1501875140,2828.000000000000,0.050000000000
1501875140,2827.950000000000,0.500000000000
1501875169,2827.750000000000,0.014800000000
1501875189,2827.750000000000,0.011800000000
1501875197,2827.750000000000,0.005400000000
1501875199,2827.750000000000,0.009200000000
1501875219,2827.750000000000,0.143600000000
1501875233,2827.000000000000,0.013500000000
1501875234,2826.990000000000,0.386000000000
1501875273,2827.770000000000,0.000200000000
1501875431,2827.820000000000,0.012700000000
1501875512,2827.820000000000,0.103600000000
1501875557,2827.820000000000,0.503000000000
1501875567,2827.820000000000,0.503000000000
1501875612,2827.770000000000,0.093100000000
1501875651,2827.770000000000,0.038600000000
1501875656,2827.770000000000,2.686500000000
1501875973,2827.820000000000,0.203300000000
1501876098,2827.820000000000,0.100000000000
1501876128,2827.820000000000,0.003100000000
1501876128,2827.820000000000,0.041700000000
1501876329,2829.420000000000,0.089800000000
1501876333,2829.420000000000,0.015700000000
1501876414,2829.110000000000,0.500000000000
1501876414,2829.120000000000,0.000100000000
1501876415,2829.110000000000,0.389000000000
1501876415,2829.110000000000,0.394000000000
1501876416,2828.190000000000,0.389000000000
1501876816,2826.670000000000,0.500000000000
1501876816,2826.670000000000,0.391000000000
1501876817,2825.610000000000,3.537000000000
1501876817,2826.670000000000,0.391000000000
1501876817,2826.670000000000,0.397000000000
1501876817,2825.670000000000,1.879200000000
1501876818,2824.360000000000,4.000000000000
1501876818,2824.000000000000,2.021600000000
1501876819,2824.000000000000,2.742400000000
1501876819,2824.000000000000,2.067400000000
1501876819,2824.000000000000,2.811200000000
1501876820,2824.000000000000,0.020100000000
1501876822,2824.000000000000,1.952900000000
1501876822,2823.990000000000,0.023200000000
1501876926,2828.950000000000,0.011800000000
1501877019,2829.580000000000,0.006800000000
1501877031,2829.580000000000,0.089600000000
1501877091,2828.780000000000,0.005900000000
1501877098,2828.780000000000,0.038400000000
1501877124,2829.750000000000,0.055200000000
1501877166,2829.750000000000,0.441600000000
1501877187,2829.750000000000,0.004400000000
1501877199,2829.750000000000,0.032800000000
1501877236,2829.750000000000,0.002900000000
1501877253,2829.750000000000,0.013500000000
1501877261,2829.750000000000,0.121000000000
1501877311,2829.750000000000,0.000600000000
1501877321,2829.750000000000,0.002900000000
1501877333,2829.750000000000,0.004300000000
1501877341,2829.750000000000,0.024600000000
1501877364,2829.750000000000,0.004300000000
1501877410,2829.750000000000,0.002900000000
1501877481,2829.750000000000,0.023600000000
1501877487,2829.750000000000,0.002900000000
1501877527,2829.750000000000,0.017700000000
1501877567,2829.750000000000,0.002900000000
1501877635,2829.750000000000,0.015100000000
1501877675,2829.750000000000,0.007400000000
1501877744,2830.000000000000,0.005900000000
1501877772,2830.000000000000,0.001700000000
1501877788,2829.990000000000,0.005900000000
1501877792,2829.990000000000,0.007100000000
1501877837,2829.990000000000,0.028300000000
1501877845,2829.990000000000,0.010300000000
1501877857,2829.990000000000,0.699900000000
1501877857,2829.990000000000,0.000100000000
1501877951,2830.000000000000,0.005900000000
1501878001,2831.710000000000,0.023600000000
1501878011,2831.710000000000,0.065700000000
1501878018,2831.710000000000,0.018000000000
1501878071,2832.210000000000,0.008800000000
1501878164,2832.210000000000,0.004300000000
1501878235,2832.210000000000,0.008800000000
1501878242,2832.210000000000,0.029500000000
1501878316,2832.210000000000,1.374100000000
1501878320,2832.110000000000,13.200000000000
1501878320,2832.110000000000,0.398000000000
1501878321,2832.110000000000,0.393000000000
1501878321,2832.110000000000,0.102000000000
1501878331,2831.990000000000,0.017200000000
1501878365,2832.420000000000,0.025300000000
1501878411,2832.420000000000,0.004000000000
1501878415,2832.420000000000,0.004000000000
1501878457,2833.620000000000,0.008800000000
1501878473,2833.620000000000,0.005900000000
1501878507,2832.910000000000,0.183300000000
1501878522,2832.910000000000,0.025000000000
1501878618,2831.650000000000,0.005700000000
1501878641,2831.650000000000,0.008800000000
1501878651,2832.780000000000,0.005900000000
1501878660,2832.780000000000,0.009100000000
1501878664,2832.780000000000,0.013400000000
1501878681,2831.380000000000,0.395000000000
1501878682,2831.380000000000,0.401000000000
1501878794,2831.900000000000,0.103200000000
1501878820,2833.340000000000,0.002300000000
1501878846,2833.340000000000,0.003100000000
1501878860,2833.340000000000,0.017700000000
1501878920,2831.910000000000,2.533900000000
1501878950,2832.600000000000,0.006200000000
1501879066,2833.980000000000,0.010300000000
1501879102,2833.980000000000,0.010300000000
1501879116,2833.980000000000,0.010900000000
1501879239,2833.980000000000,0.002800000000
1501879267,2833.980000000000,0.002800000000
1501879381,2833.080000000000,0.013600000000
1501879436,2835.170000000000,0.005200000000
1501879465,2835.170000000000,0.045000000000
1501879501,2835.170000000000,0.005200000000
1501879520,2834.010000000000,0.101000000000
1501879523,2833.330000000000,0.052600000000
1501879660,2833.900000000000,0.011800000000
1501879708,2833.900000000000,0.012200000000
1501879752,2833.900000000000,0.008000000000
1501879796,2833.900000000000,0.012100000000
1501879809,2833.900000000000,0.008400000000
1501879859,2833.900000000000,0.064800000000
1501879910,2833.900000000000,0.052700000000
1501879916,2829.190000000000,3.527000000000
1501879916,2831.310000000000,2.479700000000
1501879916,2832.020000000000,0.398000000000
1501879917,2828.000000000000,2.294800000000
1501879917,2828.000000000000,2.415900000000
1501879917,2828.000000000000,2.873600000000
1501879918,2828.000000000000,2.954000000000
1501879918,2828.000000000000,1.709200000000
1501879918,2828.000000000000,2.319300000000
1501879918,2828.000000000000,2.612400000000
1501879919,2828.000000000000,1.971300000000
1501879919,2828.000000000000,1.463100000000
1501879919,2828.000000000000,1.670300000000
1501879919,2828.000000000000,2.054800000000
1501879920,2828.000000000000,2.691700000000
1501879928,2830.420000000000,2.954400000000
1501879928,2830.430000000000,0.011800000000
1501879929,2830.420000000000,1.045600000000
1501879962,2829.890000000000,2.260700000000
1501879962,2829.890000000000,1.739300000000
1501879999,2829.630000000000,0.023600000000
1501880098,2829.630000000000,0.005700000000
1501880125,2829.630000000000,0.086900000000
1501880134,2829.630000000000,0.005100000000
1501880165,2830.680000000000,0.001700000000
1501880203,2830.680000000000,0.316100000000
1501880209,2830.010000000000,0.402000000000
1501880213,2829.190000000000,4.000000000000
1501880222,2829.200000000000,0.105400000000
1501880239,2830.920000000000,0.105500000000
1501880299,2830.920000000000,0.021000000000
1501880305,2830.920000000000,0.002600000000
1501880348,2831.740000000000,0.005400000000
1501880355,2831.730000000000,0.405000000000
1501880355,2831.730000000000,1.888200000000
1501880355,2832.000000000000,0.700000000000
1501880356,2831.610000000000,0.101000000000
1501880356,2831.730000000000,2.111800000000
1501880366,2832.000000000000,0.000600000000
1501880368,2832.000000000000,0.182200000000
1501880382,2831.990000000000,2.055200000000
1501880383,2831.990000000000,0.240000000000
1501880383,2831.990000000000,0.167000000000
1501880383,2831.990000000000,1.944800000000
1501880385,2831.960000000000,0.200000000000
1501880386,2831.960000000000,2.055200000000
1501880393,2832.000000000000,0.032400000000
1501880407,2832.000000000000,0.491100000000
1501880408,2832.000000000000,0.005100000000
1501880417,2832.000000000000,2.729500000000
1501880418,2832.000000000000,1.724900000000
1501880418,2832.000000000000,2.062900000000
1501880418,2832.000000000000,2.865900000000
1501880418,2832.000000000000,1.779200000000
1501880451,2832.000000000000,0.022100000000
1501880469,2832.000000000000,0.038000000000
1501880476,2832.000000000000,0.617400000000
1501880561,2832.000000000000,0.028000000000
1501880573,2832.000000000000,0.013200000000
1501880650,2832.680000000000,0.029400000000
1501880670,2831.990000000000,0.409000000000
1501880671,2831.990000000000,0.100000000000
1501880671,2830.310000000000,0.040000000000
1501880671,2830.790000000000,1.676800000000
1501880672,2828.000000000000,2.335100000000
1501880672,2828.000000000000,2.236700000000
1501880672,2828.000000000000,1.478600000000
1501880672,2829.350000000000,3.526000000000
1501880673,2828.000000000000,2.605400000000
1501880673,2828.000000000000,1.924300000000
1501880673,2828.000000000000,1.955500000000
1501880673,2828.000000000000,1.712600000000
1501880674,2829.770000000000,4.000000000000
1501880674,2828.440000000000,2.521700000000
1501880678,2827.740000000000,0.206800000000
1501880680,2827.740000000000,2.594300000000
1501880680,2827.990000000000,0.023200000000
1501880687,2828.260000000000,1.100000000000
1501880690,2828.270000000000,0.177000000000
1501880736,2829.000000000000,2.629900000000
1501880738,2828.260000000000,0.413000000000
1501880838,2829.000000000000,0.416000000000
1501880839,2827.830000000000,2.160400000000
1501880839,2829.480000000000,1.839600000000
1501880843,2828.570000000000,1.000000000000
1501880856,2827.970000000000,0.010300000000
1501880896,2829.860000000000,2.406800000000
1501880897,2829.860000000000,0.593200000000
1501880948,2830.360000000000,2.784300000000
1501880949,2830.360000000000,1.215700000000
1501880952,2829.780000000000,0.419000000000
1501880954,2829.780000000000,0.099000000000
1501880995,2829.780000000000,0.000300000000
1501881073,2830.950000000000,2.739000000000
1501881074,2832.310000000000,1.261000000000
1501881075,2831.400000000000,0.009400000000
1501881125,2832.980000000000,0.422000000000
1501881125,2831.410000000000,2.612500000000
1501881132,2831.750000000000,0.004300000000
1501881210,2835.750000000000,3.237900000000
1501881211,2833.960000000000,0.417000000000
1501881225,2833.800000000000,0.407000000000
1501881262,2832.520000000000,0.008800000000
1501881274,2832.340000000000,0.409000000000
1501881275,2832.340000000000,0.426000000000
1501881358,2831.900000000000,0.249400000000
1501881372,2831.700000000000,2.775000000000
1501881372,2833.520000000000,0.049500000000
1501881409,2831.300000000000,0.013800000000
1501881425,2831.290000000000,0.011800000000
1501881446,2831.290000000000,0.104900000000
1501881498,2831.290000000000,0.100000000000
1501881554,2830.090000000000,0.182900000000
1501881564,2829.990000000000,0.112000000000
1501881604,2831.150000000000,0.002000000000
1501881606,2828.990000000000,0.432000000000
1501881606,2828.950000000000,0.549600000000
1501881610,2828.940000000000,4.000000000000
1501881619,2829.950000000000,3.094800000000
1501881620,2830.000000000000,3.524000000000
1501881655,2832.860000000000,0.000200000000
1501881742,2830.260000000000,0.017700000000
1501881775,2830.210000000000,0.001000000000
1501881827,2830.210000000000,0.009700000000
1501881835,2830.210000000000,0.007400000000
1501881849,2830.210000000000,0.023600000000
1501881860,2830.210000000000,3.484300000000
1501881866,2830.260000000000,0.003400000000
1501881878,2830.210000000000,0.015700000000
1501881878,2830.000000000000,2.954900000000
1501881878,2830.000000000000,2.087100000000
1501881883,2829.160000000000,0.005900000000
1501881895,2829.100000000000,0.014700000000
1501881912,2829.050000000000,0.011800000000
1501882003,2829.170000000000,0.004300000000
1501882099,2829.430000000000,0.013300000000
1501882226,2828.990000000000,0.564700000000
1501882254,2830.000000000000,2.396600000000
1501882273,2832.270000000000,0.005900000000
1501882322,2833.110000000000,0.019500000000
1501882377,2833.110000000000,0.047200000000
1501882393,2833.100000000000,0.421500000000
1501882406,2833.100000000000,0.000200000000
1501882575,2833.030000000000,0.013600000000
1501882579,2833.030000000000,0.012600000000
1501882583,2831.830000000000,0.089000000000
1501882583,2831.830000000000,0.437000000000
1501882584,2831.830000000000,0.418000000000
1501882592,2831.280000000000,0.001700000000
1501882611,2831.250000000000,2.252400000000
1501882612,2831.250000000000,0.547600000000
1501882612,2834.240000000000,0.006500000000
1501882667,2832.130000000000,0.011800000000
1501882681,2832.050000000000,0.100000000000
1501882696,2831.580000000000,0.011800000000
1501882740,2831.590000000000,0.588200000000
1501882760,2831.590000000000,0.000300000000
1501882787,2831.590000000000,0.275000000000
1501882796,2831.590000000000,0.005900000000
1501882904,2832.700000000000,0.013600000000
1501882995,2832.490000000000,0.013300000000
1501883038,2830.710000000000,2.825200000000
1501883087,2830.340000000000,0.052600000000
1501883097,2830.340000000000,1.735300000000
1501883097,2830.340000000000,2.084100000000
1501883176,2832.280000000000,0.013600000000
1501883180,2832.270000000000,0.017700000000
1501883186,2832.270000000000,0.016200000000
1501883224,2832.270000000000,0.020600000000
1501883250,2832.270000000000,0.011800000000
1501883269,2829.620000000000,0.422000000000
1501883328,2831.880000000000,0.005900000000
1501883332,2831.880000000000,0.006500000000
1501883338,2831.880000000000,0.036900000000
1501883392,2831.880000000000,1.650700000000
1501883421,2834.610000000000,1.922600000000
1501883421,2834.610000000000,2.077400000000
1501883586,2834.960000000000,2.519800000000
1501883586,2834.960000000000,1.990500000000
1501883587,2834.960000000000,0.489700000000
1501883618,2833.770000000000,0.007400000000
1501883622,2834.050000000000,2.796000000000
1501883623,2834.050000000000,1.204000000000
1501883929,2837.370000000000,3.113400000000
1501883930,2837.370000000000,3.111300000000
1501883973,2838.280000000000,2.659800000000
1501883974,2838.280000000000,2.633500000000
1501883974,2838.280000000000,2.430500000000
1501883974,2838.280000000000,3.007000000000
1501883975,2838.280000000000,2.028400000000
1501884986,2845.710000000000,0.342000000000
1501884987,2845.710000000000,0.343000000000
