1486146980,1018.560000000000,0.061200000000
1486146996,1018.560000000000,2.932000000000
1486146996,1018.560000000000,0.938800000000
1486147005,1018.720000000000,0.400000000000
1486147045,1018.640000000000,0.035000000000
1486147110,1018.930000000000,0.017500000000
1486147206,1019.370000000000,0.500000000000
1486147234,1019.370000000000,0.367000000000
1486147246,1019.420000000000,0.062000000000
1486147275,1019.380000000000,0.100000000000
1486147373,1018.890000000000,5.000000000000
1486147380,1018.890000000000,0.000300000000
1486147384,1018.890000000000,0.015600000000
1486147461,1018.610000000000,0.098000000000
1486147495,1019.190000000000,0.017500000000
1486147559,1018.240000000000,0.087500000000
1486147671,1018.230000000000,0.095000000000
1486147671,1018.250000000000,3.000000000000
1486147671,1018.230000000000,0.078000000000
1486147671,1018.230000000000,0.096000000000
1486147671,1018.230000000000,0.095000000000
1486147671,1018.230000000000,0.097000000000
1486147689,1018.570000000000,0.003500000000
1486147705,1018.570000000000,0.031000000000
1486147728,1018.570000000000,0.036000000000
1486147742,1018.090000000000,0.074900000000
1486147754,1018.570000000000,0.017500000000
1486147823,1018.090000000000,9.031100000000
1486147882,1018.120000000000,0.044700000000
1486147909,1017.950000000000,0.315000000000
1486147925,1018.120000000000,0.029400000000
1486147948,1018.120000000000,0.725000000000
1486148025,1018.120000000000,0.010300000000
1486148205,1018.120000000000,0.087600000000
1486148444,1017.720000000000,0.000100000000
1486148464,1017.820000000000,0.026300000000
1486148528,1017.870000000000,0.083100000000
1486148592,1017.770000000000,0.005300000000
1486148657,1017.780000000000,0.000900000000
1486148721,1017.140000000000,0.020100000000
1486148743,1017.290000000000,10.059100000000
1486148743,1017.130000000000,1.352500000000
1486148743,1017.130000000000,8.588400000000
1486148785,1017.100000000000,0.000900000000
1486148838,1016.840000000000,0.458800000000
1486148895,1016.500000000000,0.096000000000
1486148895,1016.500000000000,0.128000000000
1486148895,1016.500000000000,0.096000000000
1486148896,1016.500000000000,0.097000000000
1486148896,1016.500000000000,0.097000000000
1486148896,1016.500000000000,0.095000000000
1486148896,1016.500000000000,0.095000000000
1486148896,1016.500000000000,0.097000000000
1486148896,1016.500000000000,0.096000000000
1486148915,1016.950000000000,0.040300000000
1486148979,1017.140000000000,0.041200000000
1486149049,1016.930000000000,0.097200000000
1486149110,1016.730000000000,0.052600000000
1486149116,1016.680000000000,0.000100000000
1486149175,1016.730000000000,0.052600000000
1486149305,1015.950000000000,0.017500000000
1486149335,1015.950000000000,0.405200000000
1486149345,1015.950000000000,0.100000000000
1486149435,1015.690000000000,0.329500000000
1486149448,1015.690000000000,0.097000000000
1486149448,1015.690000000000,0.095000000000
1486149449,1015.690000000000,0.097000000000
1486149449,1015.690000000000,0.096000000000
1486149449,1015.690000000000,0.095000000000
1486149449,1015.690000000000,0.097000000000
1486149449,1015.690000000000,0.096000000000
1486149449,1015.690000000000,0.128000000000
1486149449,1015.690000000000,0.096000000000
1486149536,1015.950000000000,0.097000000000
1486149536,1015.950000000000,0.097000000000
1486149536,1015.950000000000,0.095000000000
1486149537,1015.950000000000,0.096000000000
1486149537,1015.950000000000,0.097000000000
1486149537,1015.950000000000,0.096000000000
1486149537,1015.950000000000,0.096000000000
1486149537,1015.950000000000,0.095000000000
1486149537,1015.950000000000,0.128000000000
1486149565,1016.170000000000,0.113900000000
1486149630,1016.170000000000,0.131500000000
1486149694,1016.170000000000,0.008800000000
1486149809,1015.620000000000,0.072100000000
1486149823,1015.620000000000,0.017500000000
1486149888,1015.380000000000,0.035900000000
1486149891,1015.100000000000,1.000000000000
1486149953,1015.000000000000,0.030700000000
1486149960,1014.830000000000,1.000000000000
1486150007,1015.000000000000,0.066300000000
1486150008,1015.000000000000,0.097000000000
1486150008,1015.000000000000,0.096000000000
1486150008,1015.000000000000,0.096000000000
1486150009,1015.000000000000,0.128000000000
1486150009,1015.000000000000,0.095000000000
1486150009,1015.000000000000,0.097000000000
1486150010,1015.000000000000,0.096000000000
1486150010,1016.000000000000,6.660600000000
1486150010,1015.150000000000,6.089700000000
1486150010,1015.000000000000,0.095000000000
1486150011,1016.000000000000,4.629300000000
1486150011,1016.000000000000,6.304100000000
1486150017,1015.220000000000,0.175400000000
1486150023,1015.220000000000,0.058500000000
1486150082,1015.220000000000,0.047500000000
1486150113,1015.220000000000,0.952500000000
1486150115,1015.340000000000,0.400000000000
1486150211,1015.660000000000,0.030800000000
1486150275,1015.480000000000,0.018500000000
1486150340,1016.260000000000,0.013200000000
1486150480,1015.730000000000,0.000200000000
1486150577,1015.950000000000,0.027600000000
1486150584,1015.950000000000,0.096700000000
1486150597,1015.950000000000,0.020200000000
1486150608,1015.950000000000,0.098000000000
1486150608,1015.950000000000,0.098000000000
1486150662,1016.320000000000,0.005300000000
1486150854,1016.500000000000,0.020200000000
1486150862,1016.500000000000,3.280300000000
1486150875,1016.510000000000,0.240300000000
1486150913,1016.280000000000,0.600000000000
1486150917,1016.150000000000,0.500000000000
1486150919,1016.150000000000,0.056900000000
1486150919,1016.140000000000,0.100000000000
1486150953,1015.940000000000,0.005400000000
1486150984,1016.640000000000,0.003500000000
1486151048,1016.340000000000,0.050800000000
1486151121,1016.340000000000,0.096700000000
1486151151,1016.250000000000,0.068500000000
1486151163,1016.250000000000,0.000200000000
1486151209,1016.250000000000,2.431300000000
1486151241,1016.070000000000,0.026300000000
1486151343,1015.800000000000,0.005400000000
1486151370,1016.070000000000,0.027200000000
1486151422,1016.070000000000,0.097000000000
1486151422,1016.070000000000,0.095000000000
1486151422,1016.070000000000,0.096000000000
1486151422,1016.070000000000,0.096000000000
1486151422,1016.070000000000,0.096000000000
1486151422,1016.070000000000,0.128000000000
1486151422,1016.070000000000,0.095000000000
1486151423,1016.070000000000,0.097000000000
1486151423,1016.070000000000,0.097000000000
1486151448,1016.570000000000,0.000100000000
1486151499,1016.600000000000,0.019300000000
1486151677,1015.580000000000,0.100000000000
1486151693,1015.450000000000,0.011400000000
1486151714,1015.230000000000,0.000300000000
1486151758,1015.480000000000,0.026300000000
1486151778,1015.640000000000,0.783200000000
1486151778,1015.480000000000,1.973700000000
1486151822,1015.640000000000,0.012300000000
1486151888,1016.070000000000,0.105200000000
1486151952,1016.290000000000,0.052600000000
1486152018,1016.010000000000,0.043800000000
1486152078,1016.000000000000,2.756900000000
1486152083,1016.000000000000,0.025400000000
1486152148,1016.000000000000,0.023700000000
1486152213,1016.000000000000,0.004400000000
1486152280,1015.510000000000,0.115800000000
1486152295,1015.330000000000,1.000000000000
1486152311,1015.330000000000,1.000000000000
1486152315,1015.490000000000,0.046600000000
1486152316,1015.490000000000,0.000300000000
1486152316,1015.490000000000,0.029100000000
1486152316,1015.490000000000,0.000400000000
1486152327,1015.490000000000,1.000000000000
1486152344,1015.350000000000,0.131600000000
1486152351,1015.500000000000,0.200000000000
1486152354,1015.640000000000,1.000000000000
1486152367,1015.640000000000,1.000000000000
1486152409,1015.560000000000,0.036000000000
1486152538,1015.300000000000,0.017500000000
1486152602,1015.300000000000,0.063200000000
1486152667,1015.300000000000,0.006100000000
1486152677,1015.300000000000,2.760300000000
1486152732,1015.070000000000,0.043800000000
1486152861,1014.080000000000,0.050800000000
1486152992,1014.270000000000,0.096600000000
1486152994,1014.260000000000,0.004800000000
1486152994,1014.260000000000,0.001000000000
1486153090,1013.970000000000,0.096900000000
1486153121,1013.970000000000,0.004400000000
1486153154,1013.750000000000,0.013000000000
1486153187,1013.690000000000,0.088600000000
1486153202,1013.640000000000,0.004600000000
1486153202,1013.600000000000,3.900000000000
1486153216,1013.110000000000,0.000100000000
1486153252,1013.290000000000,0.043900000000
1486153317,1013.290000000000,0.036900000000
1486153329,1013.290000000000,0.098000000000
1486153329,1013.290000000000,0.061100000000
1486153329,1013.290000000000,0.098000000000
1486153446,1014.240000000000,0.020200000000
1486153510,1014.620000000000,0.087700000000
1486153578,1014.390000000000,0.460100000000
1486153639,1014.390000000000,0.008800000000
1486153705,1014.390000000000,0.302600000000
1486153769,1015.040000000000,0.125500000000
1486153814,1014.790000000000,0.018200000000
1486153835,1015.040000000000,0.021900000000
1486153879,1015.040000000000,0.460100000000
1486153899,1015.040000000000,0.017500000000
1486153964,1015.040000000000,0.043800000000
1486154029,1015.040000000000,0.032500000000
1486154094,1015.040000000000,0.071000000000
1486154166,1014.800000000000,2.000000000000
1486154193,1014.440000000000,0.005400000000
1486154287,1015.140000000000,0.004400000000
1486154296,1014.900000000000,0.015000000000
1486154334,1014.900000000000,0.011800000000
1486154352,1014.960000000000,0.022800000000
1486154417,1014.960000000000,0.024600000000
1486154455,1014.670000000000,0.039000000000
1486154477,1014.670000000000,0.184000000000
1486154482,1015.200000000000,0.100900000000
1486154547,1014.720000000000,0.344700000000
1486154612,1014.720000000000,0.009600000000
1486154677,1014.170000000000,0.070200000000
1486154743,1014.170000000000,0.445500000000
1486154844,1013.590000000000,0.302500000000
1486154845,1013.590000000000,0.000100000000
1486154876,1013.590000000000,0.028100000000
1486155047,1013.850000000000,0.005400000000
1486155047,1013.970000000000,0.098000000000
1486155048,1013.970000000000,0.128000000000
1486155048,1013.970000000000,0.097000000000
1486155048,1013.970000000000,0.094000000000
1486155048,1013.970000000000,0.095000000000
1486155048,1013.970000000000,0.195000000000
1486155048,1013.970000000000,0.192000000000
1486155049,1013.970000000000,0.096000000000
1486155049,1013.970000000000,0.096000000000
1486155049,1013.970000000000,0.095000000000
1486155049,1013.970000000000,0.095000000000
1486155049,1013.970000000000,0.097000000000
1486155320,1014.120000000000,0.098000000000
1486155320,1014.120000000000,0.098000000000
1486155410,1014.630000000000,0.000100000000
1486155411,1014.380000000000,0.004600000000
1486155434,1014.380000000000,0.000100000000
1486155435,1014.380000000000,0.005300000000
1486155435,1014.380000000000,0.005300000000
1486155726,1014.190000000000,0.013200000000
1486155826,1013.930000000000,0.000700000000
1486155912,1013.930000000000,0.618400000000
1486155913,1013.930000000000,0.000800000000
1486155949,1014.020000000000,0.099000000000
1486155951,1014.100000000000,9.026000000000
1486155951,1013.930000000000,4.974000000000
1486156143,1013.850000000000,0.983300000000
1486156424,1013.580000000000,0.032500000000
1486156490,1013.580000000000,0.186000000000
1486156554,1013.580000000000,0.034200000000
1486156562,1013.520000000000,1.488200000000
1486156563,1013.580000000000,0.095000000000
1486156563,1013.580000000000,0.097000000000
1486156563,1013.580000000000,0.096000000000
1486156563,1013.580000000000,0.103000000000
1486156563,1013.580000000000,0.079000000000
1486156619,1013.640000000000,0.026300000000
1486156636,1013.640000000000,0.100800000000
1486156678,1013.360000000000,0.155200000000
1486156684,1013.640000000000,0.053500000000
1486156726,1013.360000000000,0.002100000000
1486156750,1013.640000000000,0.074600000000
1486156785,1013.640000000000,0.009000000000
1486156814,1013.410000000000,0.021900000000
1486156827,1013.410000000000,0.025900000000
1486156878,1013.410000000000,0.008800000000
1486156943,1013.400000000000,0.059600000000
1486156976,1013.400000000000,2.949000000000
1486157008,1013.390000000000,0.085900000000
1486157041,1013.360000000000,1.000000000000
1486157064,1013.390000000000,0.000700000000
1486157138,1013.380000000000,0.074600000000
1486157203,1013.380000000000,0.278900000000
1486157268,1013.130000000000,0.061400000000
1486157333,1013.130000000000,1.406300000000
1486157397,1013.050000000000,0.035100000000
1486157451,1012.970000000000,0.000300000000
1486157462,1013.050000000000,0.043800000000
1486157479,1013.040000000000,0.098000000000
1486157479,1013.040000000000,0.400000000000
1486157479,1013.040000000000,0.098000000000
1486157480,1013.040000000000,0.099000000000
1486157480,1013.040000000000,0.099000000000
1486157527,1013.470000000000,0.243000000000
1486157656,1013.140000000000,0.009700000000
1486157657,1013.520000000000,0.042900000000
1486157720,1013.360000000000,0.052600000000
1486157786,1013.700000000000,0.138600000000
1486157851,1013.700000000000,0.039500000000
1486157857,1013.540000000000,0.965500000000
1486157917,1013.700000000000,0.142100000000
1486157938,1013.700000000000,0.009600000000
1486157943,1013.700000000000,0.091400000000
1486157945,1013.700000000000,1.419300000000
1486157982,1013.700000000000,0.035100000000
1486158046,1013.700000000000,0.136000000000
1486158067,1013.540000000000,0.000200000000
1486158114,1013.540000000000,0.000300000000
1486158240,1013.580000000000,0.048200000000
1486158250,1013.580000000000,0.007800000000
1486158369,1014.250000000000,5.000000000000
1486158684,1014.320000000000,0.005400000000
1486158721,1014.650000000000,8.662800000000
1486158805,1014.650000000000,9.302400000000
1486158805,1014.650000000000,8.684500000000
1486158805,1014.650000000000,8.591400000000
1486158806,1014.650000000000,9.640500000000
1486158806,1014.650000000000,9.590700000000
1486158806,1014.650000000000,9.196400000000
1486158807,1014.650000000000,8.948200000000
1486158807,1014.650000000000,9.043300000000
1486158830,1014.650000000000,9.585200000000
1486158831,1014.650000000000,9.651300000000
1486158831,1014.650000000000,9.130800000000
1486158832,1014.650000000000,8.336300000000
1486158927,1014.650000000000,0.010300000000
1486158952,1014.650000000000,0.099000000000
1486159081,1014.650000000000,0.148900000000
1486159084,1014.620000000000,0.030000000000
1486159313,1014.250000000000,0.200000000000
1486159440,1014.140000000000,5.000000000000
1486159464,1014.360000000000,0.029500000000
1486159467,1014.450000000000,0.017600000000
1486159532,1013.050000000000,0.087600000000
1486159587,1012.310000000000,0.006200000000
1486159597,1012.560000000000,0.012300000000
1486159660,1012.560000000000,0.099300000000
1486159727,1013.910000000000,0.074500000000
1486159792,1014.290000000000,0.021900000000
1486159857,1014.080000000000,0.081500000000
1486159922,1013.830000000000,0.129700000000
1486160052,1013.830000000000,0.135800000000
1486160115,1013.700000000000,0.091100000000
1486160118,1013.700000000000,1.105300000000
1486160120,1013.490000000000,0.001000000000
1486160154,1013.490000000000,0.043000000000
1486160180,1013.830000000000,0.022800000000
1486160245,1013.500000000000,0.131400000000
1486160309,1014.000000000000,0.131400000000
1486160374,1014.000000000000,0.026300000000
1486160438,1014.650000000000,0.020200000000
1486160503,1014.650000000000,0.077100000000
1486160547,1014.650000000000,8.224900000000
1486160547,1014.650000000000,9.300000000000
1486160567,1014.650000000000,0.013100000000
1486160597,1014.620000000000,0.076800000000
1486160618,1014.650000000000,9.416300000000
1486160618,1014.650000000000,8.726600000000
1486160619,1014.650000000000,9.024600000000
1486160619,1014.650000000000,8.589900000000
1486160633,1014.650000000000,0.059500000000
1486160651,1014.650000000000,8.873400000000
1486160652,1014.650000000000,8.924000000000
1486160698,1014.450000000000,0.056900000000
1486160707,1014.650000000000,8.586300000000
1486160707,1014.650000000000,9.097700000000
1486160718,1014.650000000000,0.010400000000
1486160763,1014.650000000000,0.113900000000
1486160799,1014.650000000000,8.856100000000
1486160800,1014.650000000000,8.571000000000
1486160800,1014.650000000000,8.019200000000
1486160800,1014.650000000000,8.787700000000
1486160800,1014.650000000000,7.731900000000
1486160801,1014.650000000000,8.744700000000
1486160801,1014.650000000000,8.205100000000
1486160801,1014.650000000000,8.837900000000
1486160802,1014.650000000000,8.159100000000
1486160829,1014.650000000000,0.105100000000
1486160894,1014.330000000000,0.008800000000
1486160959,1014.330000000000,0.243400000000
1486161026,1014.650000000000,0.332300000000
1486161090,1014.650000000000,0.069900000000
1486161155,1014.650000000000,0.061200000000
1486161285,1014.650000000000,0.044600000000
1486161358,1014.650000000000,8.280400000000
1486161358,1014.650000000000,7.513900000000
1486161369,1015.090000000000,0.010600000000
1486161447,1014.690000000000,0.000100000000
1486161474,1014.690000000000,0.005400000000
1486161479,1015.090000000000,0.035000000000
1486161544,1015.090000000000,0.208800000000
1486161609,1015.300000000000,0.062100000000
1486161676,1015.300000000000,0.165100000000
1486161741,1015.300000000000,0.038500000000
1486161773,1015.300000000000,0.120000000000
1486161870,1015.300000000000,0.079700000000
1486161934,1015.300000000000,0.014000000000
1486161954,1014.910000000000,0.000300000000
1486161999,1015.300000000000,0.087400000000
1486162059,1014.920000000000,0.014400000000
1486162064,1015.300000000000,0.077000000000
1486162097,1015.300000000000,0.092000000000
1486162130,1015.300000000000,0.020200000000
1486162195,1015.040000000000,0.029800000000
1486162240,1016.460000000000,0.172500000000
1486162240,1015.040000000000,8.444100000000
1486162259,1014.990000000000,0.039300000000
1486162311,1014.910000000000,0.076700000000
1486162325,1014.990000000000,0.025400000000
1486162380,1014.990000000000,0.095900000000
1486162390,1014.990000000000,0.517500000000
1486162455,1014.990000000000,0.048100000000
1486162520,1014.990000000000,0.162000000000
1486162585,1015.120000000000,0.024500000000
1486162649,1015.120000000000,0.011400000000
1486162695,1015.120000000000,0.015500000000
1486162713,1015.120000000000,0.192300000000
1486162743,1015.120000000000,3.270300000000
1486162751,1015.000000000000,0.000100000000
1486162778,1015.040000000000,0.052500000000
1486162843,1015.040000000000,0.087600000000
1486162909,1015.040000000000,0.040300000000
1486162974,1015.040000000000,0.002600000000
1486163039,1015.040000000000,0.113800000000
1486163104,1015.040000000000,0.052500000000
1486163169,1015.040000000000,0.056800000000
1486163233,1015.040000000000,0.122600000000
1486163298,1015.040000000000,0.012300000000
1486163307,1015.040000000000,0.023900000000
1486163363,1014.790000000000,0.052500000000
1486163428,1014.790000000000,0.013100000000
1486163493,1014.790000000000,0.063100000000
1486163577,1014.900000000000,0.239900000000
1486163622,1014.690000000000,0.001800000000
1486163625,1014.690000000000,0.033800000000
1486163750,1015.220000000000,0.099800000000
1486163879,1014.870000000000,0.056900000000
1486163883,1015.050000000000,3.000000000000
1486163958,1015.400000000000,0.432100000000
1486164006,1015.150000000000,0.148800000000
1486164071,1015.150000000000,0.033300000000
1486164137,1015.150000000000,0.122300000000
1486164265,1015.150000000000,0.008800000000
1486164381,1015.120000000000,0.000400000000
1486164395,1015.150000000000,0.087600000000
1486164460,1015.150000000000,0.070000000000
1486164589,1015.150000000000,0.020100000000
1486164654,1015.150000000000,0.026300000000
1486164783,1015.860000000000,0.078700000000
1486164848,1015.860000000000,0.017500000000
1486164869,1016.110000000000,0.230300000000
1486164870,1016.110000000000,0.000100000000
1486164871,1016.110000000000,0.001200000000
1486164932,1016.110000000000,0.230700000000
1486165041,1015.540000000000,0.105100000000
1486165106,1016.450000000000,0.009600000000
1486165388,1016.810000000000,0.010800000000
1486165517,1016.970000000000,0.321200000000
1486165692,1016.970000000000,0.167800000000
1486165862,1016.440000000000,0.110000000000
1486165881,1016.440000000000,0.024500000000
1486166010,1016.050000000000,0.028800000000
1486166075,1016.470000000000,0.049800000000
1486166140,1016.470000000000,0.040300000000
1486166297,1017.700000000000,0.183400000000
1486166455,1018.290000000000,0.030000000000
1486166463,1018.670000000000,0.017500000000
1486166528,1018.670000000000,0.039300000000
1486166593,1018.670000000000,0.066300000000
1486166657,1018.670000000000,0.131100000000
1486166722,1019.070000000000,0.176500000000
1486166842,1018.880000000000,0.005400000000
1486166842,1018.880000000000,0.005400000000
1486166851,1019.070000000000,0.069900000000
1486166915,1019.190000000000,0.004400000000
1486166980,1019.190000000000,0.017500000000
1486167153,1019.190000000000,0.073000000000
1486167173,1019.190000000000,0.060100000000
1486167212,1019.190000000000,0.010300000000
1486167238,1019.190000000000,0.305800000000
1486167249,1019.190000000000,4.511400000000
1486167303,1019.480000000000,0.423400000000
1486167369,1019.740000000000,0.148100000000
1486167433,1019.740000000000,0.009600000000
1486167497,1020.410000000000,0.043600000000
1486167626,1020.410000000000,0.134300000000
1486167692,1020.410000000000,0.087100000000
1486167815,1020.260000000000,2.922000000000
1486167816,1020.250000000000,1.000000000000
1486167816,1020.260000000000,0.344000000000
1486167819,1020.250000000000,0.119300000000
1486167821,1020.250000000000,0.040100000000
1486167858,1020.410000000000,0.010300000000
1486167893,1020.410000000000,8.029400000000
1486167965,1020.410000000000,0.029200000000
1486168014,1020.410000000000,0.056600000000
1486168079,1020.410000000000,0.099200000000
1486168144,1020.410000000000,0.078400000000
1486168273,1020.410000000000,0.047900000000
1486168337,1020.410000000000,0.023500000000
1486168348,1020.400000000000,0.060200000000
1486168349,1020.400000000000,0.049700000000
1486168383,1020.410000000000,0.019800000000
1486168467,1020.410000000000,0.047700000000
1486168499,1020.410000000000,0.178900000000
1486168530,1020.410000000000,0.413500000000
1486168531,1020.400000000000,0.054700000000
1486168595,1020.410000000000,0.105600000000
1486168660,1020.410000000000,0.013100000000
1486168680,1020.390000000000,0.458000000000
1486168680,1020.400000000000,0.090000000000
1486168680,1020.400000000000,0.203000000000
1486168681,1020.350000000000,0.058600000000
1486168725,1019.620000000000,0.100400000000
1486168775,1018.560000000000,2.190000000000
1486168775,1018.560000000000,5.500000000000
1486168776,1018.560000000000,0.030000000000
1486168790,1018.820000000000,0.014800000000
1486168855,1017.920000000000,0.030600000000
1486168920,1017.920000000000,0.020100000000
1486168968,1017.620000000000,0.000200000000
1486168985,1017.770000000000,0.056800000000
1486169077,1017.760000000000,0.011900000000
1486169082,1017.760000000000,0.041300000000
1486169115,1017.760000000000,0.113600000000
1486169180,1017.760000000000,0.147700000000
1486169309,1017.430000000000,0.030600000000
1486169367,1017.760000000000,1.900000000000
1486169368,1018.000000000000,8.048200000000
1486169368,1018.000000000000,7.431300000000
1486169368,1017.790000000000,7.585600000000
1486169368,1018.000000000000,8.291100000000
1486169368,1018.000000000000,7.410500000000
1486169368,1018.000000000000,8.019100000000
1486169374,1018.130000000000,0.111000000000
1486169406,1018.000000000000,8.323000000000
1486169406,1018.000000000000,6.929600000000
1486169406,1018.000000000000,7.512900000000
1486169406,1018.000000000000,7.349300000000
1486169407,1018.000000000000,7.518200000000
1486169568,1018.990000000000,0.257200000000
1486169633,1018.590000000000,0.502200000000
1486169697,1018.840000000000,0.039300000000
1486169697,1018.590000000000,3.110000000000
1486169712,1018.520000000000,0.005300000000
1486169712,1018.520000000000,0.001100000000
1486169713,1018.520000000000,0.001600000000
1486169713,1018.520000000000,0.011000000000
1486169715,1018.520000000000,0.005400000000
1486169825,1019.450000000000,0.034900000000
1486169890,1019.450000000000,0.012200000000
1486170019,1019.870000000000,0.392500000000
1486170277,1020.250000000000,0.100200000000
1486170290,1020.120000000000,0.120000000000
1486170321,1019.920000000000,0.000100000000
1486170330,1019.980000000000,0.010300000000
1486170344,1019.980000000000,0.046200000000
1486170377,1019.980000000000,0.028800000000
1486170408,1019.970000000000,0.104500000000
1486170473,1019.750000000000,0.041800000000
1486170603,1019.740000000000,0.023500000000
1486170640,1019.740000000000,3.776500000000
1486170667,1019.820000000000,0.011300000000
1486170831,1019.620000000000,0.016700000000
1486170861,1019.820000000000,0.202100000000
1486170927,1019.820000000000,0.508900000000
1486170992,1019.990000000000,0.004400000000
1486171036,1019.510000000000,0.012300000000
1486171057,1019.850000000000,0.139400000000
1486171121,1019.850000000000,0.117600000000
1486171186,1019.850000000000,0.013100000000
1486171250,1019.850000000000,0.016600000000
1486171316,1019.850000000000,0.095800000000
1486171380,1019.850000000000,0.014800000000
1486171387,1019.510000000000,0.000200000000
1486171445,1019.860000000000,0.095000000000
1486171510,1019.860000000000,0.052300000000
1486171574,1019.860000000000,0.022700000000
1486171704,1020.080000000000,0.247400000000
1486171769,1020.080000000000,0.025300000000
1486171834,1020.080000000000,0.000900000000
1486171984,1020.410000000000,7.961700000000
1486171984,1020.410000000000,8.274100000000
1486172027,1020.410000000000,0.445000000000
1486172076,1020.210000000000,0.042500000000
1486172106,1020.410000000000,7.825500000000
1486172107,1020.410000000000,8.489100000000
1486172175,1020.360000000000,0.005300000000
1486172217,1020.360000000000,0.005300000000
1486172220,1020.410000000000,0.113400000000
1486172285,1020.410000000000,0.156200000000
1486172297,1020.410000000000,0.011900000000
1486172350,1020.410000000000,0.005200000000
1486172415,1020.410000000000,0.043600000000
1486172484,1019.140000000000,38.312700000000
1486172484,1020.360000000000,8.765300000000
1486172484,1019.310000000000,2.922000000000
1486172544,1020.410000000000,0.008700000000
1486172607,1020.410000000000,0.238600000000
1486172608,1020.410000000000,0.174600000000
1486172742,1020.410000000000,8.184100000000
1486172744,1020.410000000000,7.728500000000
1486172744,1020.410000000000,8.247100000000
1486172930,1020.410000000000,0.053200000000
1486172994,1020.410000000000,0.028800000000
1486173076,1020.410000000000,0.023800000000
1486173123,1020.410000000000,0.018300000000
1486173188,1020.410000000000,0.112400000000
1486173253,1020.160000000000,0.138700000000
1486173318,1020.160000000000,0.501000000000
1486173383,1020.350000000000,0.030500000000
1486173512,1020.180000000000,0.010500000000
1486173698,1020.410000000000,8.541300000000
1486173768,1020.190000000000,0.008700000000
1486173897,1020.190000000000,0.016600000000
1486173961,1020.190000000000,0.087400000000
1486174026,1020.190000000000,0.008700000000
1486174219,1018.880000000000,0.021800000000
1486174283,1018.880000000000,0.061100000000
1486174330,1018.000000000000,8.097500000000
1486174335,1018.000000000000,7.426800000000
1486174335,1018.000000000000,8.576900000000
1486174336,1018.000000000000,8.577900000000
1486174336,1018.000000000000,8.410900000000
1486174336,1018.000000000000,7.534500000000
1486174336,1018.000000000000,8.009400000000
1486174337,1018.000000000000,8.273200000000
1486174337,1018.000000000000,8.130700000000
1486174337,1018.000000000000,7.656400000000
1486174337,1018.000000000000,7.146400000000
1486174338,1018.000000000000,8.223300000000
1486174341,1018.000000000000,3.936100000000
1486174542,1014.650000000000,0.018400000000
1486174611,1013.980000000000,0.094000000000
1486174611,1013.980000000000,0.095000000000
1486174611,1013.980000000000,0.096000000000
1486174611,1013.980000000000,0.094000000000
1486174611,1013.980000000000,0.095000000000
1486174611,1013.980000000000,0.096000000000
1486174611,1013.980000000000,0.094000000000
1486174844,1014.240000000000,5.745500000000
1486174844,1014.240000000000,8.154500000000
1486174863,1014.890000000000,0.087800000000
1486174928,1015.470000000000,0.104400000000
1486174993,1015.470000000000,0.037700000000
1486175058,1015.470000000000,0.459600000000
1486175122,1015.060000000000,0.035100000000
1486175251,1014.770000000000,0.026300000000
1486175316,1015.010000000000,0.129000000000
1486175327,1014.750000000000,0.005400000000
1486175327,1014.750000000000,0.000100000000
1486175380,1014.780000000000,0.023700000000
1486175445,1014.780000000000,0.021900000000
1486175508,1014.260000000000,2.946000000000
1486175508,1014.240000000000,0.460700000000
1486175509,1014.190000000000,0.052600000000
1486175574,1014.170000000000,0.017500000000
1486175702,1014.460000000000,0.043900000000
1486175767,1014.460000000000,0.143900000000
1486175842,1014.960000000000,0.059900000000
1486175896,1014.960000000000,0.115800000000
1486176025,1014.960000000000,0.020200000000
1486176347,1014.960000000000,0.263100000000
1486176412,1014.960000000000,0.122800000000
1486176541,1014.960000000000,0.042100000000
1486176606,1014.960000000000,0.008800000000
1486176671,1014.960000000000,0.039500000000
1486176737,1014.750000000000,0.144700000000
1486176802,1014.750000000000,0.019300000000
1486176867,1014.750000000000,0.096500000000
1486176932,1014.750000000000,0.026300000000
1486176998,1014.460000000000,0.039500000000
1486177063,1014.460000000000,0.113700000000
1486177128,1014.460000000000,0.198200000000
1486177193,1013.580000000000,0.175500000000
1486177258,1013.360000000000,0.096500000000
1486177322,1013.570000000000,0.026300000000
1486177387,1013.270000000000,0.087800000000
1486177452,1013.550000000000,0.037800000000
1486177517,1013.290000000000,0.282000000000
1486177600,1012.870000000000,0.000100000000
1486177774,1012.890000000000,0.022000000000
1486177838,1012.890000000000,0.017600000000
1486177967,1012.890000000000,0.079100000000
1486178095,1013.130000000000,0.017600000000
1486178326,1011.150000000000,0.012500000000
1486178352,1010.580000000000,0.014100000000
1486178416,1010.320000000000,0.114300000000
1486178531,1009.730000000000,0.020800000000
1486178581,1009.810000000000,2.000000000000
1486178581,1009.790000000000,2.958000000000
1486178609,1009.970000000000,0.035200000000
1486178673,1010.260000000000,0.026500000000
1486178822,1009.120000000000,0.014500000000
1486178866,1009.120000000000,0.017600000000
1486178931,1009.120000000000,0.041400000000
1486178996,1009.030000000000,0.008800000000
1486179102,1008.690000000000,0.000100000000
1486179124,1009.030000000000,0.238100000000
1486179154,1008.950000000000,0.022200000000
1486179154,1009.030000000000,0.098000000000
1486179154,1009.030000000000,0.098000000000
1486179154,1009.030000000000,0.098000000000
1486179154,1009.030000000000,0.098000000000
1486179154,1009.030000000000,0.098000000000
1486179317,1009.800000000000,0.081100000000
1486179559,1010.330000000000,2.000000000000
1486179843,1010.070000000000,0.000100000000
1486180224,1010.270000000000,7.640000000000
1486180330,1010.620000000000,0.901900000000
1486180334,1010.300000000000,0.100000000000
1486180434,1010.320000000000,2.900000000000
1486180796,1011.220000000000,0.052800000000
1486180861,1010.620000000000,0.097800000000
1486180925,1010.450000000000,0.044000000000
1486181077,1011.220000000000,0.055000000000
1486181118,1011.730000000000,0.028200000000
1486181313,1011.990000000000,0.099900000000
1486181453,1012.230000000000,0.024800000000
1486181684,1012.120000000000,0.110000000000
1486181760,1011.820000000000,0.015000000000
1486182001,1012.440000000000,0.000100000000
1486182001,1012.440000000000,0.000100000000
1486182002,1012.440000000000,0.300300000000
1486182002,1012.440000000000,0.000100000000
1486182631,1011.210000000000,2.970000000000
1486182928,1012.120000000000,0.207800000000
1486183008,1011.840000000000,2.174300000000
1486183598,1011.620000000000,0.000100000000
1486183632,1011.660000000000,0.136000000000
1486183698,1011.390000000000,0.000100000000
1486184076,1011.040000000000,0.035200000000
1486184140,1011.040000000000,0.010600000000
1486184205,1011.220000000000,0.610900000000
1486184977,1011.040000000000,0.002600000000
1486185620,1010.910000000000,0.010600000000
1486186771,1011.910000000000,0.006100000000
1486187050,1012.180000000000,3.900000000000
1486187118,1012.170000000000,0.202900000000
1486187482,1010.630000000000,0.052900000000
1486187588,1010.290000000000,1.000000000000
1486187777,1009.320000000000,2.001900000000
1486187948,1008.610000000000,0.033300000000
1486187994,1007.840000000000,0.141500000000
1486188063,1005.970000000000,8.052900000000
1486188065,1005.910000000000,2.866900000000
1486188821,1005.460000000000,7.674600000000
1486188822,1005.460000000000,8.029400000000
1486188822,1005.460000000000,6.496000000000
1486189023,1007.260000000000,0.247800000000
1486189192,1009.730000000000,2.000000000000
1486189216,1009.430000000000,0.097200000000
1486189614,1010.570000000000,0.119700000000
1486190941,1011.180000000000,0.052000000000
1486191517,1011.050000000000,8.000000000000
1486191554,1011.170000000000,7.000000000000
1486191594,1011.310000000000,6.000000000000
1486191624,1011.370000000000,2.748500000000
1486191768,1011.600000000000,0.000100000000
1486191866,1012.050000000000,0.800000000000
1486192098,1012.210000000000,0.098000000000
1486192098,1012.210000000000,0.089000000000
1486192099,1012.210000000000,0.098000000000
1486192099,1012.210000000000,0.098000000000
1486192099,1012.210000000000,0.098000000000
1486192179,1012.710000000000,0.000100000000
1486192321,1012.450000000000,0.000300000000
1486192361,1012.810000000000,0.010600000000
1486192397,1013.000000000000,0.100000000000
1486192397,1013.000000000000,0.100000000000
1486192397,1013.000000000000,0.100000000000
1486192398,1013.000000000000,0.100000000000
1486192398,1013.000000000000,0.100000000000
1486192398,1013.000000000000,0.100000000000
1486192398,1013.000000000000,0.100000000000
1486192398,1013.000000000000,0.100000000000
1486192398,1013.000000000000,0.100000000000
1486192399,1013.000000000000,0.100000000000
1486192399,1013.000000000000,0.100000000000
1486192399,1013.000000000000,0.100000000000
1486192399,1013.000000000000,0.100000000000
1486192399,1013.000000000000,0.100000000000
1486192399,1013.000000000000,0.100000000000
1486192399,1013.000000000000,0.100000000000
1486192400,1013.000000000000,0.100000000000
1486192400,1013.000000000000,0.100000000000
1486192400,1013.000000000000,0.100000000000
1486192400,1013.000000000000,0.100000000000
1486192400,1013.000000000000,0.100000000000
1486192400,1013.000000000000,0.100000000000
1486192401,1013.000000000000,0.100000000000
1486192401,1013.000000000000,0.100000000000
1486192401,1013.000000000000,0.100000000000
1486192401,1013.000000000000,0.100000000000
1486192401,1013.000000000000,0.100000000000
1486192401,1013.000000000000,0.100000000000
1486192402,1013.000000000000,0.100000000000
1486192402,1013.000000000000,0.100000000000
1486192402,1013.000000000000,0.100000000000
1486192402,1013.000000000000,0.100000000000
1486192402,1013.000000000000,0.100000000000
1486192402,1013.000000000000,0.100000000000
1486192402,1013.000000000000,0.100000000000
1486192403,1013.000000000000,0.100000000000
1486192403,1013.000000000000,0.100000000000
1486192403,1013.000000000000,0.100000000000
1486192403,1013.000000000000,0.100000000000
1486192403,1013.000000000000,0.100000000000
1486192403,1013.000000000000,0.100000000000
1486192404,1013.000000000000,0.100000000000
1486192404,1013.000000000000,0.100000000000
1486192404,1013.000000000000,0.100000000000
1486192404,1013.000000000000,0.100000000000
1486192404,1013.000000000000,0.100000000000
1486192404,1013.000000000000,0.100000000000
1486192404,1013.000000000000,0.100000000000
1486192405,1013.000000000000,0.100000000000
1486192405,1013.000000000000,0.100000000000
1486192405,1013.000000000000,0.100000000000
1486192405,1013.000000000000,0.100000000000
1486192405,1013.000000000000,0.100000000000
1486192405,1013.000000000000,0.100000000000
1486192406,1013.000000000000,0.100000000000
1486192406,1013.000000000000,0.100000000000
1486192406,1013.000000000000,0.100000000000
1486192406,1013.000000000000,0.100000000000
1486192406,1013.000000000000,0.100000000000
1486192406,1013.000000000000,0.100000000000
1486192407,1013.000000000000,0.100000000000
1486192407,1013.000000000000,0.100000000000
1486192407,1013.000000000000,0.100000000000
1486192407,1013.000000000000,0.100000000000
1486192407,1013.000000000000,0.100000000000
1486192407,1013.000000000000,0.100000000000
1486192407,1013.000000000000,0.100000000000
1486192408,1013.000000000000,0.100000000000
1486192408,1013.000000000000,0.100000000000
1486192408,1013.000000000000,0.100000000000
1486192408,1013.000000000000,0.100000000000
1486192408,1013.000000000000,0.100000000000
1486192408,1013.000000000000,0.100000000000
1486192408,1013.000000000000,0.100000000000
1486192409,1013.000000000000,0.100000000000
1486192409,1013.000000000000,0.100000000000
1486192409,1013.000000000000,0.100000000000
1486192409,1013.000000000000,0.100000000000
1486192409,1013.000000000000,0.100000000000
1486192409,1013.000000000000,0.100000000000
1486192409,1013.000000000000,0.100000000000
1486192409,1013.000000000000,0.100000000000
1486192410,1013.000000000000,0.100000000000
1486192410,1013.000000000000,0.033500000000
1486192410,1013.000000000000,0.100000000000
1486192410,1013.000000000000,0.100000000000
1486192410,1013.000000000000,0.100000000000
1486192410,1013.000000000000,0.100000000000
1486192410,1013.000000000000,0.066500000000
1486192411,1013.000000000000,0.100000000000
1486192411,1013.000000000000,0.100000000000
1486192411,1013.000000000000,0.100000000000
1486192411,1013.000000000000,0.100000000000
1486192411,1013.000000000000,0.100000000000
1486192411,1013.000000000000,0.100000000000
1486192411,1013.000000000000,0.100000000000
1486192411,1013.000000000000,0.100000000000
1486192412,1013.000000000000,0.100000000000
1486192412,1013.000000000000,0.100000000000
1486192412,1013.000000000000,0.100000000000
1486192412,1013.000000000000,0.100000000000
1486192420,1013.580000000000,0.003100000000
1486192489,1013.780000000000,0.001600000000
1486192506,1013.780000000000,0.001600000000
1486192631,1013.200000000000,0.090000000000
1486192673,1013.080000000000,0.000200000000
1486192914,1013.430000000000,0.010000000000
1486192929,1013.630000000000,0.096700000000
1486192939,1013.630000000000,0.020200000000
1486192977,1013.630000000000,2.841100000000
1486193189,1014.230000000000,0.090000000000
1486193260,1014.420000000000,0.008800000000
1486193307,1014.420000000000,0.300800000000
1486193398,1014.630000000000,0.024600000000
1486193514,1014.630000000000,0.102000000000
1486193573,1013.930000000000,0.005700000000
1486193645,1014.550000000000,0.043900000000
1486193684,1014.670000000000,0.000500000000
1486193774,1014.840000000000,0.030700000000
1486193839,1014.840000000000,0.109500000000
1486193846,1014.670000000000,0.000100000000
1486194136,1014.490000000000,0.000100000000
1486194182,1014.490000000000,0.104000000000
1486194228,1014.290000000000,0.000100000000
1486194854,1015.000000000000,1.000000000000
1486194855,1015.000000000000,6.895900000000
1486194855,1015.000000000000,3.104100000000
1486194856,1015.000000000000,1.845700000000
1486194856,1015.000000000000,4.816600000000
1486194856,1015.000000000000,3.199700000000
1486194856,1015.000000000000,6.800300000000
1486194856,1015.000000000000,8.154300000000
1486194856,1015.000000000000,0.014100000000
1486194856,1015.000000000000,5.183400000000
1486194954,1015.000000000000,7.798900000000
1486194955,1015.000000000000,2.187000000000
1486194956,1015.000000000000,4.291400000000
1486194956,1015.000000000000,5.708600000000
1486195409,1015.570000000000,0.011900000000
1486195956,1013.900000000000,0.035900000000
1486196110,1014.590000000000,3.400000000000
1486196213,1014.480000000000,0.039500000000
1486196222,1014.350000000000,0.000100000000
1486196307,1014.480000000000,0.191800000000
1486196312,1013.100000000000,7.711400000000
1486196312,1014.350000000000,7.718500000000
1486196312,1013.100000000000,7.915600000000
1486196312,1013.100000000000,8.005400000000
1486196313,1013.100000000000,8.328200000000
1486196313,1013.100000000000,7.842100000000
1486196313,1013.100000000000,7.885800000000
1486196313,1013.100000000000,7.361200000000
1486196313,1013.100000000000,7.231800000000
1486196564,1012.590000000000,2.951000000000
1486196739,1012.590000000000,7.787300000000
1486196762,1012.110000000000,0.054300000000
1486197003,1012.160000000000,0.009800000000
1486197037,1012.430000000000,8.531700000000
1486197038,1012.430000000000,2.668300000000
1486197242,1012.100000000000,0.000100000000
1486197287,1012.200000000000,0.000100000000
1486197313,1012.200000000000,0.001400000000
1486197325,1010.580000000000,0.100000000000
1486197506,1011.810000000000,0.290700000000
1486197519,1011.650000000000,0.000100000000
1486197636,1011.410000000000,0.010000000000
1486197866,1011.510000000000,2.956000000000
1486197866,1011.520000000000,4.636400000000
1486197866,1011.520000000000,5.363600000000
1486197924,1011.400000000000,0.110000000000
1486197926,1011.360000000000,0.010000000000
1486197992,1011.020000000000,0.010000000000
1486197993,1010.890000000000,0.000100000000
1486198073,1010.440000000000,3.000000000000
1486198105,1010.340000000000,0.020800000000
1486198130,1010.340000000000,2.954200000000
1486198202,1010.570000000000,0.017600000000
1486198204,1010.570000000000,0.120500000000
1486198355,1009.190000000000,0.010400000000
1486198385,1009.220000000000,2.000000000000
1486198564,1009.630000000000,2.000000000000
1486198770,1009.720000000000,0.241200000000
1486198849,1009.720000000000,7.213900000000
1486198850,1009.720000000000,2.544900000000
1486198851,1009.800000000000,0.070000000000
1486198851,1009.860000000000,5.271900000000
1486198851,1009.860000000000,4.728100000000
1486199109,1009.450000000000,0.114800000000
1486199292,1009.070000000000,0.110000000000
1486199405,1008.950000000000,0.205000000000
1486199569,1008.180000000000,0.019300000000
1486199614,1008.010000000000,2.985000000000
1486199889,1008.310000000000,0.292200000000
1486199954,1008.340000000000,0.052200000000
1486199984,1008.340000000000,0.010900000000
1486200104,1009.000000000000,0.010000000000
1486200132,1009.200000000000,0.127000000000
1486200132,1009.200000000000,0.093000000000
1486200133,1008.210000000000,0.094000000000
1486200133,1008.210000000000,0.095000000000
1486200143,1008.210000000000,0.110200000000
1486200235,1009.040000000000,0.020800000000
1486200480,1010.300000000000,0.056000000000
1486200642,1010.440000000000,2.140000000000
1486200782,1010.690000000000,7.602000000000
1486200782,1010.690000000000,2.398000000000
1486201171,1011.380000000000,0.110000000000
1486201171,1011.280000000000,1.000000000000
1486201185,1011.210000000000,0.031000000000
1486201347,1010.920000000000,0.015800000000
1486201409,1010.920000000000,0.050200000000
1486201694,1010.530000000000,0.083300000000
1486201854,1010.430000000000,0.005400000000
1486201855,1010.430000000000,0.029600000000
1486201918,1010.430000000000,1.004800000000
1486201994,1010.530000000000,0.010400000000
1486202417,1010.460000000000,0.010400000000
1486202424,1010.190000000000,1.006500000000
1486202534,1010.350000000000,0.000600000000
1486202537,1010.350000000000,0.000300000000
1486202639,1010.780000000000,0.012000000000
1486202658,1010.780000000000,0.343000000000
1486202674,1010.770000000000,0.000100000000
1486202675,1010.770000000000,0.000100000000
1486202828,1010.390000000000,0.000100000000
1486202829,1010.500000000000,0.029100000000
1486202887,1010.500000000000,0.060700000000
1486203333,1010.870000000000,0.000100000000
1486203383,1010.870000000000,0.000100000000
1486203436,1010.870000000000,0.108000000000
1486203442,1010.680000000000,2.960000000000
1486203448,1010.700000000000,0.015600000000
1486203575,1010.920000000000,0.099900000000
1486203675,1010.920000000000,0.139800000000
1486203709,1010.920000000000,0.010400000000
1486203784,1011.300000000000,0.044000000000
1486203843,1011.220000000000,0.008000000000
1486204093,1011.520000000000,8.214200000000
1486204094,1011.520000000000,1.785800000000
1486204108,1011.750000000000,1.733300000000
1486204269,1012.710000000000,0.110000000000
1486204279,1012.350000000000,0.105000000000
1486204290,1012.240000000000,0.024100000000
1486204325,1012.070000000000,0.205000000000
1486204325,1012.070000000000,0.800000000000
1486204326,1012.070000000000,0.201000000000
1486204363,1011.880000000000,0.005400000000
1486204406,1012.190000000000,0.500000000000
1486204464,1012.190000000000,0.100200000000
1486204467,1012.080000000000,0.029600000000
1486204507,1012.190000000000,0.094600000000
1486204867,1011.290000000000,0.312000000000
1486204980,1010.810000000000,1.340000000000
1486204987,1011.610000000000,3.000000000000
1486205018,1011.750000000000,0.311800000000
1486205265,1011.140000000000,0.154900000000
1486205435,1011.000000000000,0.033300000000
1486205444,1011.000000000000,0.240700000000
1486205460,1011.000000000000,0.062400000000
1486205575,1011.000000000000,0.012000000000
1486205590,1011.390000000000,0.024200000000
1486205644,1011.390000000000,0.019300000000
1486205678,1011.390000000000,0.086600000000
1486205848,1010.980000000000,0.000100000000
1486205860,1011.390000000000,0.012400000000
1486205973,1011.970000000000,0.041600000000
1486206064,1011.970000000000,0.720000000000
1486206066,1011.970000000000,2.000000000000
1486206070,1012.100000000000,2.000000000000
1486206118,1012.360000000000,0.145400000000
1486206195,1012.260000000000,8.500000000000
1486206196,1012.260000000000,0.009300000000
1486206196,1012.260000000000,0.201000000000
1486206196,1012.260000000000,2.942700000000
1486206197,1012.260000000000,0.204000000000
1486206389,1012.300000000000,0.010300000000
1486206450,1012.300000000000,0.189700000000
1486206549,1012.870000000000,0.010800000000
1486206730,1012.530000000000,0.100000000000
1486207038,1011.720000000000,0.036000000000
1486207123,1011.490000000000,0.000100000000
1486207160,1011.040000000000,0.151800000000
1486207575,1011.480000000000,0.013100000000
1486207631,1011.870000000000,0.026400000000
1486207734,1011.730000000000,0.100000000000
1486207833,1010.990000000000,0.096000000000
1486207888,1011.080000000000,0.026400000000
1486208044,1011.180000000000,0.006000000000
1486208060,1011.180000000000,0.000200000000
1486208210,1011.180000000000,0.048600000000
1486208249,1011.290000000000,0.035500000000
1486208344,1011.380000000000,0.000200000000
1486208414,1011.380000000000,0.000100000000
1486208441,1011.560000000000,0.424000000000
1486208601,1011.460000000000,0.012000000000
1486208695,1011.610000000000,0.031900000000
1486208706,1011.610000000000,0.087200000000
1486209139,1010.960000000000,0.054100000000
1486209148,1010.960000000000,0.020800000000
1486209167,1010.960000000000,0.035200000000
1486209241,1010.810000000000,4.000000000000
1486209241,1010.810000000000,0.100000000000
1486209530,1010.820000000000,0.458500000000
1486209569,1010.820000000000,0.030100000000
1486209624,1010.700000000000,0.050200000000
1486209750,1010.700000000000,0.000200000000
1486209760,1011.090000000000,0.104100000000
1486210068,1011.090000000000,0.013200000000
1486210130,1011.020000000000,0.000100000000
1486210280,1011.090000000000,0.008000000000
1486210308,1011.090000000000,0.011800000000
1486210661,1012.070000000000,0.048400000000
1486210662,1012.070000000000,0.012000000000
1486210826,1012.070000000000,0.034900000000
1486210841,1012.070000000000,0.048400000000
1486210988,1012.070000000000,0.010300000000
1486211010,1012.070000000000,0.012000000000
1486211180,1012.100000000000,0.005400000000
1486211220,1012.340000000000,0.045700000000
1486211346,1012.340000000000,0.014400000000
1486211479,1012.770000000000,0.012000000000
1486211489,1012.770000000000,0.012400000000
1486211556,1012.770000000000,0.041500000000
1486211571,1012.770000000000,0.010300000000
1486211626,1013.110000000000,0.055500000000
1486211672,1012.950000000000,2.996000000000
1486211672,1012.950000000000,0.101000000000
1486211690,1012.560000000000,0.000200000000
1486211825,1013.540000000000,0.680000000000
1486211839,1013.370000000000,0.000100000000
1486211870,1013.370000000000,0.000600000000
1486211899,1013.370000000000,0.100000000000
1486211959,1013.370000000000,0.010300000000
1486212015,1013.300000000000,8.373300000000
1486212016,1013.300000000000,0.103000000000
1486212016,1013.300000000000,6.116700000000
1486212016,1013.300000000000,8.133100000000
1486212016,1013.300000000000,8.956900000000
1486212069,1013.120000000000,4.000000000000
1486212339,1012.560000000000,0.062300000000
1486212581,1012.480000000000,0.000100000000
1486212724,1012.730000000000,0.019900000000
1486212945,1012.480000000000,0.000100000000
1486213000,1012.180000000000,0.000200000000
1486213398,1012.380000000000,0.199000000000
1486213398,1012.380000000000,0.201000000000
1486213470,1011.840000000000,0.013200000000
1486213541,1012.250000000000,0.043500000000
1486213743,1012.240000000000,0.019300000000
1486213746,1012.240000000000,0.083100000000
1486213937,1012.280000000000,0.057200000000
1486213958,1012.280000000000,0.311600000000
1486213989,1012.280000000000,0.010300000000
1486214066,1012.280000000000,0.015800000000
1486214070,1012.060000000000,0.124000000000
1486214258,1012.470000000000,0.026300000000
1486214323,1012.080000000000,0.050900000000
1486214481,1011.940000000000,1.957000000000
1486214487,1011.940000000000,8.043000000000
1486214581,1012.850000000000,0.001800000000
1486214629,1012.850000000000,0.052000000000
1486214781,1012.850000000000,0.026900000000
1486214838,1012.850000000000,0.131700000000
1486214984,1012.620000000000,0.021000000000
1486215010,1012.840000000000,0.041500000000
1486215031,1012.850000000000,0.307200000000
1486215095,1013.090000000000,0.001800000000
1486215266,1012.790000000000,6.300000000000
1486215470,1012.880000000000,7.800000000000
1486215500,1012.770000000000,6.800000000000
1486215582,1012.570000000000,8.392700000000
1486215583,1014.000000000000,8.584300000000
1486215583,1014.000000000000,8.263100000000
1486215583,1013.970000000000,0.100000000000
1486215583,1013.900000000000,61.423600000000
1486215583,1013.890000000000,2.944000000000
1486215584,1014.000000000000,6.947500000000
1486215584,1014.000000000000,7.513200000000
1486215584,1014.000000000000,7.853700000000
1486215584,1014.000000000000,7.692100000000
1486215584,1014.000000000000,8.109100000000
1486215584,1014.000000000000,7.901700000000
1486215585,1014.000000000000,7.257800000000
1486215585,1014.000000000000,7.199800000000
1486215585,1014.000000000000,7.639700000000
1486215585,1014.000000000000,7.466200000000
1486215585,1014.000000000000,8.354000000000
1486215585,1014.000000000000,6.887800000000
1486215586,1014.000000000000,7.047900000000
1486215586,1014.000000000000,7.342100000000
1486215586,1014.000000000000,6.682400000000
1486215586,1014.000000000000,6.793200000000
1486215586,1014.000000000000,6.708800000000
1486215586,1014.000000000000,7.247300000000
1486215587,1014.000000000000,7.683600000000
1486215587,1014.000000000000,7.035600000000
1486215587,1014.000000000000,7.146600000000
1486215587,1014.000000000000,7.579400000000
1486215588,1014.000000000000,7.311000000000
1486215588,1014.000000000000,7.651000000000
1486215588,1014.000000000000,6.774500000000
1486215588,1014.000000000000,6.578600000000
1486215589,1014.000000000000,6.922700000000
1486215589,1014.000000000000,6.900000000000
1486215589,1014.000000000000,6.429400000000
1486215589,1014.000000000000,6.866300000000
1486215636,1014.040000000000,7.431400000000
1486215637,1014.500000000000,6.763900000000
1486215637,1014.500000000000,6.430200000000
1486215637,1014.500000000000,7.055300000000
1486215637,1014.500000000000,6.298400000000
1486215638,1014.500000000000,7.215000000000
1486215638,1014.500000000000,7.448600000000
1486215669,1014.590000000000,0.031100000000
1486215678,1014.590000000000,0.083400000000
1486215689,1015.000000000000,7.205800000000
1486215689,1015.000000000000,7.023200000000
1486215689,1015.000000000000,6.851200000000
1486215689,1014.310000000000,6.623400000000
1486215690,1015.000000000000,6.887500000000
1486215690,1015.000000000000,6.690600000000
1486215690,1015.000000000000,6.731100000000
1486215690,1015.000000000000,6.518000000000
1486215691,1015.000000000000,6.429800000000
1486215691,1015.000000000000,6.762800000000
1486215691,1015.000000000000,7.114600000000
1486215691,1015.000000000000,6.817800000000
1486215692,1015.000000000000,6.232400000000
1486215692,1015.000000000000,6.596100000000
1486215692,1015.000000000000,6.830500000000
1486215693,1015.000000000000,5.683700000000
1486215693,1015.000000000000,5.636300000000
1486215693,1015.000000000000,6.440000000000
1486215693,1015.000000000000,6.853500000000
1486215694,1015.000000000000,6.544800000000
1486215694,1015.000000000000,6.782500000000
1486215694,1015.000000000000,6.538100000000
1486215694,1015.000000000000,6.752800000000
1486215695,1015.000000000000,6.922700000000
1486215695,1015.000000000000,6.451400000000
1486215715,1015.020000000000,0.020700000000
1486215726,1015.020000000000,6.667100000000
1486215726,1015.500000000000,5.338100000000
1486215726,1015.050000000000,0.010000000000
1486215727,1015.500000000000,5.524600000000
1486215727,1015.500000000000,5.252800000000
1486215727,1015.500000000000,6.663900000000
1486215727,1015.500000000000,6.405000000000
1486215727,1015.500000000000,5.429300000000
1486215728,1015.500000000000,5.497600000000
1486215728,1015.500000000000,6.082700000000
1486215728,1015.500000000000,6.139100000000
1486215728,1015.500000000000,5.536900000000
1486215729,1015.500000000000,5.476700000000
1486215729,1015.500000000000,5.504300000000
1486215767,1015.610000000000,70.000000000000
1486215767,1015.530000000000,6.343000000000
1486215767,1015.590000000000,2.950000000000
1486215768,1016.000000000000,5.702600000000
1486215768,1016.000000000000,5.107400000000
1486215768,1016.000000000000,5.139800000000
1486215768,1016.000000000000,6.085000000000
1486215768,1016.000000000000,5.500800000000
1486215768,1016.000000000000,6.441900000000
1486215769,1016.000000000000,5.929100000000
1486215769,1016.000000000000,5.426700000000
1486215769,1016.000000000000,5.181600000000
1486215769,1016.000000000000,5.649700000000
1486215770,1016.000000000000,4.978300000000
1486215770,1016.000000000000,5.678600000000
1486215770,1016.000000000000,6.123600000000
1486215770,1016.000000000000,6.293700000000
1486215771,1016.000000000000,4.975400000000
1486215771,1016.000000000000,5.701000000000
1486215771,1016.000000000000,5.164400000000
1486215771,1016.000000000000,5.822600000000
1486215772,1016.000000000000,5.705000000000
1486215772,1016.000000000000,6.129900000000
1486215812,1016.500000000000,5.111200000000
1486215812,1016.440000000000,0.617000000000
1486215838,1017.000000000000,5.097200000000
1486215838,1017.000000000000,5.187400000000
1486215838,1016.590000000000,4.908000000000
1486215839,1017.000000000000,5.789500000000
1486215839,1017.000000000000,5.361000000000
1486215839,1017.000000000000,5.337800000000
1486215839,1017.000000000000,5.285800000000
1486215840,1017.000000000000,5.052600000000
1486215840,1017.000000000000,5.542000000000
1486215840,1017.000000000000,5.796900000000
1486215840,1017.000000000000,5.453500000000
1486215841,1017.000000000000,4.426200000000
1486215841,1017.000000000000,5.348900000000
1486215841,1017.000000000000,4.418500000000
1486215841,1017.000000000000,5.045600000000
1486215939,1017.440000000000,0.110000000000
1486215947,1017.500000000000,2.357000000000
1486215957,1017.500000000000,0.143000000000
1486215962,1017.900000000000,0.111000000000
1486216035,1019.370000000000,0.332000000000
1486216036,1020.000000000000,99.668000000000
1486216050,1016.860000000000,0.124900000000
1486216069,1016.860000000000,0.010800000000
1486216073,1019.990000000000,5.700000000000
1486216074,1020.000000000000,44.300000000000
1486216277,1017.920000000000,0.006200000000
1486217565,1018.230000000000,0.005400000000
1486217635,1018.240000000000,0.035000000000
1486217808,1018.230000000000,0.310800000000
1486217982,1017.900000000000,0.097000000000
1486217982,1017.900000000000,0.097000000000
1486217983,1017.900000000000,0.244000000000
1486217983,1017.900000000000,0.098000000000
1486217983,1017.900000000000,0.097000000000
1486217983,1017.900000000000,0.097000000000
1486217983,1017.900000000000,0.245000000000
1486217983,1017.900000000000,0.099000000000
1486217984,1017.900000000000,0.244000000000
1486217984,1017.900000000000,0.098000000000
1486217984,1017.900000000000,0.097000000000
1486217984,1017.900000000000,0.244000000000
1486217984,1017.900000000000,0.243000000000
1486218257,1017.640000000000,0.273900000000
1486218428,1017.680000000000,8.700000000000
1486218428,1017.640000000000,0.000200000000
1486218429,1017.680000000000,0.195000000000
1486218429,1017.680000000000,0.245000000000
1486218429,1017.680000000000,0.244000000000
1486218429,1017.680000000000,0.191000000000
1486218429,1017.680000000000,0.244000000000
1486218429,1017.680000000000,0.244000000000
1486218429,1017.680000000000,0.098000000000
1486218429,1017.680000000000,0.097000000000
1486218430,1017.680000000000,0.098000000000
1486218430,1017.680000000000,0.244000000000
1486218430,1017.680000000000,0.244000000000
1486218541,1017.950000000000,0.000100000000
1486218609,1018.110000000000,0.221000000000
1486218609,1018.110000000000,0.191000000000
1486218805,1017.990000000000,0.095000000000
1486218874,1018.060000000000,0.005300000000
1486219059,1018.200000000000,0.098000000000
1486219059,1018.200000000000,0.097000000000
1486219059,1018.200000000000,0.244000000000
1486219059,1018.200000000000,0.244000000000
1486219059,1018.200000000000,0.244000000000
1486219059,1018.200000000000,0.245000000000
1486219059,1018.200000000000,0.244000000000
1486219060,1018.200000000000,0.244000000000
1486219060,1018.200000000000,0.098000000000
1486219060,1018.200000000000,0.097000000000
1486219060,1018.200000000000,0.244000000000
1486219060,1018.200000000000,0.244000000000
1486219060,1018.200000000000,0.098000000000
1486219061,1018.240000000000,7.400000000000
1486219466,1017.890000000000,0.098000000000
1486219466,1017.890000000000,0.098000000000
1486219466,1017.890000000000,0.244000000000
1486219466,1017.890000000000,0.244000000000
1486219466,1017.890000000000,0.244000000000
1486219467,1017.890000000000,0.098000000000
1486219467,1017.890000000000,0.098000000000
1486219467,1017.890000000000,0.244000000000
1486219467,1017.890000000000,0.244000000000
1486219467,1017.890000000000,0.245000000000
1486219468,1017.890000000000,0.098000000000
1486219468,1017.890000000000,0.244000000000
1486219468,1017.890000000000,0.244000000000
1486219519,1017.910000000000,1.750400000000
1486219819,1017.790000000000,1.000800000000
1486219930,1017.790000000000,0.000900000000
1486219975,1017.790000000000,0.001400000000
1486219987,1017.670000000000,0.358200000000
1486220075,1016.860000000000,0.000100000000
1486220115,1016.860000000000,0.001400000000
1486220125,1016.540000000000,0.010800000000
1486220130,1016.650000000000,0.098400000000
1486220199,1016.300000000000,0.010400000000
1486220211,1016.300000000000,0.098000000000
1486220211,1016.300000000000,0.098000000000
1486220211,1016.300000000000,1.272600000000
1486220212,1016.300000000000,0.098000000000
1486220212,1016.300000000000,0.097000000000
1486220212,1016.300000000000,0.098000000000
1486220212,1016.300000000000,0.099000000000
1486220212,1016.300000000000,0.098000000000
1486220212,1016.300000000000,0.098000000000
1486220321,1016.480000000000,0.001400000000
1486220717,1016.520000000000,0.051900000000
1486220955,1016.160000000000,0.000500000000
1486221014,1016.230000000000,0.075000000000
1486221055,1016.320000000000,0.022000000000
1486221079,1016.550000000000,0.010000000000
1486221082,1016.820000000000,0.290700000000
1486221303,1016.880000000000,1.810400000000
1486221975,1017.240000000000,0.000100000000
1486222140,1017.420000000000,0.097000000000
1486222140,1017.420000000000,0.098000000000
1486222140,1017.420000000000,0.098000000000
1486222215,1017.280000000000,0.050000000000
1486222436,1017.590000000000,0.005300000000
1486222465,1017.590000000000,0.000100000000
1486222746,1017.240000000000,0.000500000000
1486223069,1017.360000000000,0.245000000000
1486223069,1017.360000000000,0.098000000000
1486223069,1017.360000000000,0.245000000000
1486223069,1017.360000000000,0.245000000000
1486223070,1017.360000000000,0.245000000000
1486223070,1017.360000000000,0.245000000000
1486223070,1017.360000000000,0.245000000000
1486223070,1017.360000000000,0.097000000000
1486223070,1017.360000000000,0.245000000000
1486223070,1017.360000000000,0.245000000000
1486223071,1017.360000000000,0.097000000000
1486223071,1017.360000000000,0.097000000000
1486223071,1017.360000000000,0.098000000000
1486223071,1017.360000000000,0.099000000000
1486223071,1017.360000000000,0.098000000000
1486223071,1017.360000000000,0.098000000000
1486223071,1017.360000000000,0.098000000000
1486223140,1017.660000000000,0.103600000000
1486223270,1017.560000000000,0.033900000000
1486223270,1017.560000000000,0.000100000000
1486223287,1017.870000000000,0.100000000000
1486223401,1018.030000000000,0.000100000000
1486223401,1018.030000000000,0.024000000000
1486223401,1018.030000000000,0.016200000000
1486223406,1018.200000000000,0.026300000000
1486223470,1018.200000000000,0.087600000000
1486223535,1018.200000000000,0.070000000000
1486223665,1018.200000000000,0.116400000000
1486223730,1018.200000000000,0.110300000000
1486223795,1018.200000000000,0.072800000000
1486223859,1018.040000000000,0.453300000000
1486223988,1017.880000000000,0.072700000000
1486224053,1017.880000000000,0.050700000000
1486224118,1017.720000000000,0.017500000000
1486224131,1017.710000000000,0.034000000000
1486224311,1017.720000000000,0.155000000000
1486224311,1017.720000000000,0.082500000000
1486224312,1017.720000000000,0.242100000000
1486224312,1017.720000000000,0.098000000000
1486224375,1017.720000000000,0.002900000000
1486224376,1017.720000000000,0.058400000000
1486224401,1017.590000000000,0.000900000000
1486224440,1017.720000000000,0.055200000000
1486224445,1017.590000000000,0.000100000000
1486224481,1017.590000000000,0.110000000000
1486224501,1017.320000000000,0.039200000000
1486224507,1017.510000000000,0.245000000000
1486224507,1017.510000000000,0.245000000000
1486224507,1017.510000000000,0.245000000000
1486224508,1017.510000000000,0.098000000000
1486224508,1017.510000000000,0.131000000000
1486224622,1017.390000000000,0.245000000000
1486224622,1017.390000000000,0.097000000000
1486224633,1017.720000000000,0.048100000000
1486224641,1017.610000000000,0.000300000000
1486224663,1017.720000000000,0.051900000000
1486224663,1018.120000000000,0.110000000000
1486224694,1018.210000000000,0.020700000000
1486224988,1018.030000000000,0.131900000000
1486225485,1018.160000000000,0.000700000000
1486225619,1018.160000000000,0.001000000000
1486225903,1018.320000000000,0.099000000000
1486225903,1018.320000000000,0.100000000000
1486225903,1018.320000000000,0.097000000000
1486225904,1018.320000000000,0.100000000000
1486225904,1018.320000000000,0.098000000000
1486225904,1018.320000000000,0.098000000000
1486225904,1018.320000000000,0.195000000000
1486225904,1018.320000000000,0.191000000000
1486225987,1018.450000000000,0.195000000000
1486225987,1018.450000000000,0.191000000000
1486226355,1018.610000000000,0.027900000000
1486226582,1018.610000000000,0.000100000000
1486226855,1018.610000000000,0.000100000000
1486227024,1018.700000000000,0.097000000000
1486227024,1018.700000000000,0.090000000000
1486227024,1018.700000000000,0.191000000000
1486227025,1018.700000000000,0.098000000000
1486227025,1018.700000000000,0.195000000000
1486227025,1018.700000000000,0.099000000000
1486227025,1018.700000000000,0.098000000000
1486227030,1018.780000000000,0.110000000000
1486227262,1020.000000000000,10.465100000000
1486227279,1020.000000000000,10.599900000000
1486227280,1020.000000000000,11.242300000000
1486227281,1020.000000000000,10.671300000000
1486227281,1020.000000000000,11.181000000000
1486227281,1020.000000000000,10.458400000000
1486227282,1020.000000000000,10.024800000000
1486227282,1020.000000000000,10.663500000000
1486227283,1020.000000000000,9.965800000000
1486227283,1020.000000000000,10.779800000000
1486227283,1020.000000000000,10.814600000000
1486227284,1020.000000000000,10.643100000000
1486227311,1020.000000000000,0.239100000000
1486227429,1020.000000000000,10.902200000000
1486227430,1020.000000000000,10.087100000000
1486227430,1020.000000000000,9.611000000000
1486227430,1020.000000000000,10.701700000000
1486227434,1020.000000000000,10.624700000000
1486227434,1020.000000000000,9.747000000000
1486227435,1020.000000000000,9.616400000000
1486227435,1020.000000000000,10.203300000000
1486227435,1020.000000000000,10.022700000000
1486227435,1020.000000000000,9.525600000000
1486227436,1020.000000000000,10.084800000000
1486227436,1020.000000000000,9.998300000000
1486227438,1020.000000000000,0.751300000000
1486227442,1020.000000000000,8.924900000000
1486227442,1020.000000000000,9.420100000000
1486227442,1020.000000000000,9.824700000000
1486227442,1020.000000000000,9.916200000000
1486227443,1020.000000000000,8.843700000000
1486227445,1020.000000000000,8.765800000000
1486227445,1020.000000000000,8.821600000000
1486227446,1020.000000000000,9.754400000000
1486227446,1020.000000000000,9.065500000000
1486227446,1020.000000000000,9.559000000000
1486227446,1020.000000000000,9.138200000000
1486227447,1020.000000000000,9.021200000000
1486227452,1020.000000000000,8.466400000000
1486227452,1020.000000000000,8.567200000000
1486227453,1020.000000000000,8.427300000000
1486227453,1020.000000000000,8.868300000000
1486227453,1020.000000000000,8.723600000000
1486227453,1020.000000000000,8.967900000000
1486227454,1020.000000000000,8.986600000000
1486227454,1020.000000000000,8.317800000000
1486227454,1020.000000000000,9.128600000000
1486227454,1020.000000000000,8.401300000000
1486227455,1020.000000000000,9.302700000000
1486227462,1020.000000000000,8.093100000000
1486227464,1020.000000000000,9.206000000000
1486227464,1020.000000000000,8.544500000000
1486227465,1020.000000000000,8.817500000000
1486227465,1020.000000000000,9.252100000000
1486227465,1020.000000000000,8.709300000000
1486227466,1020.000000000000,8.692000000000
1486227473,1020.000000000000,8.273300000000
1486227474,1020.000000000000,8.708000000000
1486227474,1020.000000000000,9.236000000000
1486227475,1020.000000000000,8.392200000000
1486227475,1020.000000000000,8.737200000000
1486227475,1020.000000000000,7.988200000000
1486227475,1020.000000000000,9.063700000000
1486227531,1020.000000000000,7.915700000000
1486227531,1020.000000000000,7.919800000000
1486227532,1020.000000000000,8.488800000000
1486227532,1020.000000000000,8.758200000000
1486227532,1020.000000000000,7.969900000000
1486227535,1020.000000000000,0.012200000000
1486227541,1019.960000000000,2.931000000000
1486227544,1019.840000000000,0.527100000000
1486227592,1020.000000000000,8.922600000000
1486227592,1020.000000000000,8.442000000000
1486227593,1020.000000000000,7.446400000000
1486227593,1020.000000000000,7.383200000000
1486227593,1020.000000000000,8.222300000000
1486227600,1019.800000000000,0.273100000000
1486227653,1020.070000000000,2.921000000000
1486227661,1020.000000000000,0.100200000000
1486227686,1020.100000000000,1.000000000000
1486227742,1020.410000000000,7.677600000000
1486227748,1020.410000000000,7.603500000000
1486227748,1020.410000000000,3.512600000000
1486227757,1021.260000000000,1.000000000000
1486227761,1020.850000000000,4.014000000000
1486227793,1021.970000000000,0.018300000000
1486227837,1022.830000000000,3.420000000000
1486227889,1024.420000000000,8.557300000000
1486227901,1024.420000000000,0.020600000000
1486227922,1024.420000000000,0.061900000000
1486227925,1024.420000000000,8.559700000000
1486227925,1024.420000000000,7.505300000000
1486227926,1024.420000000000,8.507100000000
1486227926,1024.420000000000,7.229800000000
1486227933,1024.420000000000,7.165000000000
1486227934,1024.420000000000,2.393300000000
1486228009,1024.460000000000,8.020800000000
1486228051,1024.560000000000,0.226200000000
1486228053,1024.560000000000,1.180000000000
1486228057,1024.590000000000,0.820000000000
1486228058,1024.590000000000,1.490000000000
1486228064,1024.900000000000,1.680000000000
1486228069,1024.900000000000,2.210000000000
1486228080,1024.990000000000,4.540000000000
1486228095,1024.590000000000,2.620000000000
1486228095,1024.280000000000,4.986300000000
1486228101,1025.230000000000,0.309400000000
1486228117,1024.290000000000,0.027900000000
1486228146,1024.010000000000,0.041000000000
1486228182,1024.120000000000,0.031300000000
1486228220,1024.410000000000,0.097000000000
1486228220,1024.410000000000,0.097000000000
1486228221,1024.410000000000,0.097000000000
1486228248,1024.980000000000,0.017400000000
1486228250,1024.980000000000,0.010200000000
1486228312,1025.140000000000,0.081700000000
1486228320,1025.140000000000,4.430000000000
1486228322,1024.970000000000,3.240000000000
1486228324,1025.040000000000,0.420000000000
1486228327,1025.040000000000,2.180000000000
1486228329,1025.270000000000,4.090000000000
1486228332,1025.260000000000,3.310000000000
1486228336,1025.270000000000,2.010000000000
1486228338,1025.270000000000,2.170000000000
1486228341,1025.410000000000,5.050000000000
1486228343,1025.340000000000,0.780000000000
1486228369,1025.340000000000,0.011800000000
1486228445,1025.720000000000,0.307300000000
1486228473,1025.720000000000,0.028600000000
1486228487,1025.720000000000,0.011800000000
1486228578,1026.320000000000,0.273000000000
1486228615,1026.100000000000,1.000000000000
1486228781,1027.060000000000,0.020000000000
1486228782,1027.190000000000,0.031200000000
1486228819,1027.590000000000,0.020400000000
1486228832,1027.990000000000,0.020000000000
1486228869,1027.990000000000,0.068000000000
1486228940,1027.990000000000,0.099100000000
1486229015,1028.170000000000,1.707400000000
1486229045,1028.190000000000,0.294800000000
1486229274,1029.950000000000,1.595000000000
1486229314,1029.990000000000,0.020000000000
1486229315,1030.000000000000,8.202300000000
1486229315,1030.000000000000,7.726400000000
1486229385,1030.000000000000,0.082500000000
1486229424,1030.000000000000,8.664800000000
1486229425,1030.000000000000,0.324000000000
1486229425,1030.180000000000,2.903000000000
1486229474,1030.530000000000,1.810000000000
1486229523,1030.910000000000,8.309500000000
1486229524,1031.000000000000,8.698500000000
1486229524,1031.000000000000,7.631500000000
1486229524,1030.970000000000,2.000000000000
1486229531,1031.000000000000,1.390000000000
1486229534,1031.000000000000,0.820000000000
1486229537,1031.040000000000,0.734700000000
1486229539,1031.040000000000,0.030300000000
1486229540,1031.000000000000,8.316300000000
1486229540,1031.000000000000,7.788300000000
1486229541,1031.000000000000,8.571500000000
1486229541,1031.000000000000,7.880000000000
1486229541,1031.000000000000,8.401900000000
1486229542,1031.000000000000,8.381200000000
1486229542,1031.000000000000,7.294400000000
1486229546,1031.030000000000,0.010400000000
1486229563,1031.000000000000,8.029900000000
1486229563,1031.000000000000,7.728400000000
1486229563,1031.000000000000,8.409000000000
1486229567,1031.000000000000,7.342600000000
1486229568,1031.000000000000,7.796100000000
1486229568,1031.000000000000,8.109200000000
1486229568,1031.000000000000,7.363400000000
1486229569,1031.000000000000,7.229300000000
1486229570,1031.000000000000,7.134100000000
1486229570,1031.000000000000,7.383400000000
1486229570,1031.000000000000,7.402700000000
1486229660,1031.030000000000,0.096000000000
1486229661,1031.030000000000,0.096000000000
1486229661,1031.030000000000,0.096000000000
1486229661,1031.030000000000,0.006600000000
1486229732,1031.170000000000,0.014300000000
1486229732,1031.030000000000,0.096000000000
1486229732,1031.030000000000,0.089400000000
1486229777,1031.170000000000,1.864200000000
1486229821,1031.000000000000,7.213000000000
1486229822,1031.000000000000,7.802600000000
1486229822,1031.000000000000,7.043300000000
1486229822,1031.000000000000,7.646700000000
1486229822,1031.000000000000,0.883200000000
1486229832,1030.810000000000,0.096000000000
1486229832,1030.810000000000,0.096000000000
1486229861,1030.890000000000,0.104200000000
1486230026,1029.880000000000,0.006100000000
1486230057,1029.870000000000,6.700000000000
1486230057,1029.870000000000,0.096000000000
1486230057,1029.870000000000,0.096000000000
1486230057,1029.870000000000,0.096000000000
1486230057,1029.870000000000,0.096000000000
1486230057,1029.870000000000,0.096000000000
1486230061,1030.210000000000,0.305700000000
1486230119,1030.200000000000,2.903000000000
1486230119,1030.210000000000,0.242000000000
1486230120,1030.210000000000,0.242000000000
1486230120,1030.210000000000,0.243000000000
1486230121,1030.360000000000,0.101900000000
1486230182,1030.070000000000,0.251800000000
1486230247,1030.360000000000,0.110200000000
1486230312,1031.150000000000,0.034600000000
1486230411,1034.200000000000,2.235000000000
1486230422,1033.090000000000,0.018400000000
1486230441,1034.570000000000,0.096100000000
1486230453,1033.980000000000,2.000000000000
1486230481,1035.440000000000,2.070000000000
1486230481,1035.500000000000,8.465500000000
1486230482,1035.500000000000,8.347800000000
1486230490,1035.390000000000,2.150000000000
1486230490,1035.440000000000,0.930000000000
1486230493,1035.460000000000,0.850000000000
1486230495,1035.460000000000,0.060000000000
1486230497,1035.460000000000,0.300000000000
1486230499,1035.460000000000,0.500000000000
1486230501,1035.430000000000,0.140000000000
1486230504,1035.430000000000,0.360000000000
1486230505,1035.430000000000,1.580000000000
1486230506,1035.500000000000,8.725700000000
1486230507,1035.500000000000,4.461000000000
1486230513,1035.180000000000,0.150000000000
1486230531,1035.510000000000,0.259100000000
1486230533,1035.180000000000,1.370000000000
1486230535,1035.180000000000,0.630000000000
1486230546,1035.510000000000,1.740900000000
1486230549,1035.640000000000,0.070000000000
1486230551,1035.640000000000,0.140000000000
1486230553,1035.640000000000,0.620000000000
1486230557,1035.760000000000,0.025500000000
1486230594,1035.710000000000,0.660000000000
1486230617,1035.440000000000,2.630000000000
1486230621,1035.410000000000,0.310000000000
1486230623,1035.410000000000,0.620000000000
1486230627,1035.300000000000,1.500000000000
1486230630,1035.300000000000,0.500000000000
1486230632,1035.300000000000,1.090000000000
1486230633,1035.410000000000,0.550000000000
1486230634,1035.510000000000,3.250000000000
1486230637,1035.340000000000,0.820000000000
1486230639,1035.340000000000,0.370000000000
1486230642,1035.340000000000,3.000000000000
1486230645,1035.510000000000,2.470000000000
1486230645,1035.420000000000,1.980000000000
1486230650,1035.470000000000,1.340000000000
1486230653,1036.000000000000,0.100400000000
1486230657,1035.960000000000,0.096000000000
1486230658,1035.960000000000,1.450000000000
1486230658,1035.780000000000,0.072000000000
1486230661,1035.730000000000,8.025800000000
1486230662,1035.730000000000,3.311100000000
1486230662,1035.730000000000,7.963100000000
1486230665,1035.340000000000,3.040000000000
1486230673,1035.600000000000,0.096000000000
1486230673,1035.600000000000,0.096000000000
1486230673,1035.600000000000,0.096000000000
1486230673,1035.470000000000,1.240000000000
1486230676,1035.450000000000,4.180000000000
1486230790,1037.050000000000,0.022900000000
1486230796,1036.760000000000,0.000100000000
1486230879,1037.360000000000,0.096000000000
1486230879,1037.360000000000,0.096000000000
1486230893,1038.350000000000,0.038900000000
1486230931,1038.060000000000,0.000300000000
1486230931,1038.060000000000,0.000100000000
1486230958,1038.070000000000,0.019900000000
1486230966,1038.070000000000,0.076100000000
1486230966,1038.070000000000,0.095000000000
1486230967,1038.070000000000,0.096000000000
1486230967,1038.070000000000,0.096000000000
1486230967,1038.070000000000,0.096000000000
1486231022,1038.430000000000,0.051800000000
1486231087,1038.200000000000,0.015500000000
1486231152,1037.870000000000,0.017300000000
1486231156,1037.870000000000,0.096000000000
1486231156,1037.870000000000,0.096000000000
1486231157,1037.870000000000,0.096000000000
1486231157,1037.870000000000,0.096000000000
1486231157,1037.870000000000,0.096000000000
1486231165,1038.030000000000,5.400000000000
1486231184,1038.640000000000,3.000000000000
1486231190,1038.510000000000,3.900000000000
1486231216,1039.160000000000,0.017200000000
1486231264,1040.000000000000,0.500000000000
1486231275,1040.050000000000,1.724500000000
1486231282,1040.210000000000,0.151700000000
1486231347,1040.990000000000,0.117100000000
1486231395,1040.520000000000,2.200000000000
1486231413,1040.130000000000,0.099100000000
1486231415,1040.130000000000,0.282500000000
1486231436,1040.960000000000,0.202200000000
1486231456,1039.690000000000,63.657600000000
1486231456,1041.030000000000,9.187600000000
1486231456,1038.000000000000,8.595200000000
1486231456,1038.000000000000,7.856800000000
1486231457,1038.000000000000,7.146800000000
1486231457,1038.000000000000,7.756000000000
1486231457,1038.000000000000,7.441300000000
1486231457,1038.000000000000,58.138900000000
1486231457,1038.000000000000,60.592600000000
1486231458,1038.000000000000,7.503300000000
1486231458,1038.000000000000,54.613500000000
1486231458,1038.000000000000,58.188100000000
1486231458,1038.000000000000,6.702800000000
1486231459,1038.000000000000,6.608800000000
1486231459,1038.000000000000,7.295200000000
1486231459,1038.000000000000,7.621600000000
1486231460,1038.000000000000,6.750000000000
1486231460,1038.000000000000,7.575600000000
1486231460,1038.000000000000,6.908500000000
1486231461,1038.000000000000,7.172300000000
1486231461,1038.000000000000,7.182500000000
1486231461,1038.000000000000,6.758800000000
1486231462,1038.000000000000,6.533900000000
1486231462,1038.000000000000,7.242600000000
1486231462,1038.000000000000,6.105400000000
1486231463,1038.000000000000,6.531400000000
1486231464,1038.000000000000,6.016800000000
1486231486,1037.870000000000,0.000200000000
1486231493,1038.000000000000,5.916700000000
1486231494,1038.000000000000,6.718300000000
1486231494,1038.000000000000,7.246000000000
1486231494,1038.000000000000,7.108500000000
1486231495,1038.000000000000,7.114900000000
1486231495,1038.000000000000,6.913100000000
1486231495,1038.000000000000,6.846500000000
1486231495,1038.000000000000,6.323000000000
1486231496,1038.000000000000,6.301800000000
1486231496,1038.000000000000,6.474300000000
1486231497,1038.000000000000,6.347900000000
1486231497,1038.000000000000,6.811800000000
1486231497,1038.000000000000,6.843800000000
1486231497,1038.000000000000,5.868700000000
1486231498,1038.000000000000,6.302100000000
1486231498,1038.000000000000,6.800700000000
1486231498,1038.000000000000,5.747400000000
1486231498,1038.000000000000,6.210900000000
1486231499,1038.000000000000,6.493900000000
1486231499,1038.000000000000,6.270000000000
1486231499,1038.000000000000,6.362900000000
1486231500,1038.000000000000,6.437300000000
1486231500,1038.000000000000,6.449000000000
1486231500,1038.000000000000,6.804500000000
1486231505,1037.870000000000,0.093000000000
1486231505,1037.870000000000,0.091000000000
1486231505,1037.870000000000,0.093000000000
1486231505,1037.870000000000,0.238000000000
1486231505,1037.870000000000,0.239000000000
1486231505,1037.870000000000,0.239000000000
1486231505,1037.870000000000,0.239000000000
1486231506,1037.870000000000,0.092000000000
1486231506,1037.870000000000,0.057000000000
1486231506,1037.870000000000,0.091000000000
1486231506,1037.870000000000,0.123000000000
1486231506,1037.870000000000,0.091000000000
1486231506,1037.870000000000,0.091000000000
1486231506,1037.870000000000,0.097000000000
1486231507,1037.570000000000,2.884000000000
1486231542,1037.650000000000,0.196000000000
1486231542,1037.650000000000,0.200000000000
1486231583,1038.000000000000,6.692800000000
1486231584,1038.000000000000,6.111600000000
1486231584,1038.000000000000,6.394000000000
1486231584,1038.000000000000,6.197100000000
1486231585,1038.000000000000,5.793900000000
1486231606,1038.000000000000,0.043900000000
1486231618,1037.940000000000,0.097000000000
1486231618,1037.940000000000,0.092000000000
1486231618,1037.940000000000,0.123000000000
1486231618,1037.940000000000,0.091000000000
1486231618,1037.940000000000,0.091000000000
1486231671,1037.780000000000,0.035300000000
1486231679,1037.000000000000,6.255600000000
1486231679,1037.520000000000,5.866800000000
1486231679,1037.770000000000,30.000000000000
1486231680,1037.000000000000,0.239000000000
1486231680,1037.000000000000,0.239000000000
1486231680,1037.000000000000,0.238000000000
1486231681,1037.000000000000,5.221200000000
1486231681,1037.000000000000,6.444400000000
1486231681,1037.000000000000,0.239000000000
1486231682,1037.000000000000,5.490100000000
1486231682,1037.000000000000,6.547600000000
1486231682,1037.000000000000,5.306200000000
1486231682,1037.000000000000,5.333000000000
1486231682,1037.000000000000,5.109500000000
1486231683,1037.000000000000,5.305500000000
1486231683,1037.000000000000,5.225000000000
1486231683,1037.000000000000,6.122500000000
1486231683,1037.000000000000,5.689400000000
1486231684,1037.000000000000,5.303400000000
1486231684,1037.000000000000,6.030400000000
1486231684,1037.000000000000,5.439700000000
1486231685,1037.000000000000,5.465700000000
1486231685,1037.000000000000,5.825900000000
1486231685,1037.000000000000,4.790800000000
1486231685,1037.000000000000,4.879600000000
1486231686,1037.000000000000,6.220400000000
1486231686,1037.000000000000,4.773900000000
1486231708,1037.000000000000,0.081800000000
1486231736,1037.000000000000,0.012900000000
1486231753,1036.950000000000,0.197000000000
1486231753,1036.950000000000,0.097000000000
1486231753,1036.950000000000,5.628000000000
1486231754,1036.950000000000,0.200000000000
1486231754,1036.790000000000,0.006200000000
1486231754,1036.000000000000,5.185100000000
1486231755,1036.000000000000,5.911400000000
1486231755,1036.000000000000,4.908600000000
1486231755,1036.000000000000,4.915800000000
1486231755,1036.000000000000,4.890400000000
1486231755,1036.000000000000,5.992800000000
1486231756,1036.000000000000,4.861100000000
1486231756,1036.000000000000,5.997300000000
1486231756,1036.000000000000,5.818800000000
1486231756,1036.000000000000,5.600000000000
1486231757,1036.000000000000,4.538400000000
1486231757,1036.000000000000,4.546500000000
1486231757,1036.000000000000,5.521400000000
1486231757,1036.000000000000,5.427200000000
1486231758,1036.000000000000,4.562600000000
1486231758,1036.000000000000,5.820600000000
1486231759,1036.000000000000,5.212900000000
1486231759,1036.000000000000,5.377800000000
1486231759,1036.000000000000,4.330300000000
1486231759,1036.000000000000,5.692300000000
1486231801,1036.940000000000,0.042900000000
1486231801,1036.000000000000,0.000100000000
1486231811,1036.940000000000,5.000000000000
1486231837,1036.780000000000,11.482500000000
1486231837,1036.780000000000,11.575900000000
1486231837,1036.780000000000,0.098000000000
1486231837,1036.780000000000,4.441600000000
1486231859,1036.170000000000,0.239000000000
1486231859,1036.170000000000,0.239000000000
1486231861,1035.930000000000,0.433400000000
1486231866,1035.930000000000,0.100600000000
1486231888,1035.440000000000,1.940000000000
1486231890,1035.440000000000,2.880000000000
1486231894,1035.680000000000,2.120000000000
1486231904,1035.410000000000,9.923900000000
1486231905,1035.400000000000,0.239000000000
1486231905,1035.400000000000,0.110000000000
1486231905,1035.400000000000,0.239000000000
1486231910,1035.930000000000,0.310000000000
1486231911,1035.930000000000,0.011600000000
1486231913,1035.930000000000,3.050000000000
1486231916,1035.840000000000,1.450000000000
1486231918,1035.840000000000,0.190000000000
1486231919,1035.210000000000,3.000000000000
1486231919,1035.210000000000,0.239000000000
1486231920,1035.550000000000,0.239000000000
1486231921,1035.260000000000,0.510000000000
1486231941,1034.620000000000,0.239000000000
1486231954,1033.700000000000,0.124000000000
1486231954,1033.700000000000,0.092000000000
1486231961,1033.300000000000,0.239000000000
1486231961,1033.300000000000,0.240000000000
1486231970,1032.520000000000,0.239000000000
1486231993,1032.780000000000,0.091000000000
1486231993,1032.780000000000,5.120000000000
1486231994,1032.000000000000,4.960200000000
1486231994,1032.000000000000,0.094000000000
1486231994,1032.000000000000,5.378300000000
1486231995,1032.000000000000,0.093000000000
1486231995,1032.000000000000,5.070300000000
1486231995,1032.000000000000,0.093000000000
1486231996,1032.000000000000,5.450000000000
1486231996,1032.000000000000,4.794000000000
1486231996,1032.000000000000,5.234500000000
1486231996,1032.000000000000,4.640600000000
1486231996,1032.000000000000,4.636300000000
1486231996,1032.000000000000,4.752000000000
1486231997,1032.000000000000,5.636700000000
1486231997,1032.000000000000,5.792800000000
1486231997,1032.000000000000,0.111700000000
1486231998,1032.000000000000,5.123600000000
1486231998,1032.000000000000,5.588700000000
1486232013,1031.410000000000,0.240000000000
1486232013,1031.410000000000,0.239000000000
1486232013,1031.410000000000,0.239000000000
1486232014,1031.410000000000,1.000000000000
1486232022,1030.870000000000,0.366000000000
1486232054,1029.930000000000,4.624200000000
1486232055,1029.160000000000,0.239000000000
1486232055,1028.400000000000,0.100000000000
1486232055,1029.160000000000,0.239000000000
1486232055,1028.320000000000,37.384900000000
1486232056,1028.000000000000,1.538400000000
1486232123,1030.220000000000,0.019800000000
1486232131,1030.220000000000,0.019800000000
1486232188,1031.150000000000,0.040600000000
1486232203,1030.680000000000,3.000000000000
1486232204,1030.720000000000,0.793400000000
1486232210,1030.680000000000,1.390000000000
1486232210,1030.720000000000,3.080000000000
1486232213,1030.580000000000,0.530000000000
1486232228,1030.550000000000,0.330000000000
1486232234,1030.110000000000,0.239000000000
1486232236,1030.110000000000,0.092000000000
1486232236,1030.110000000000,0.091000000000
1486232237,1030.110000000000,0.239000000000
1486232237,1030.110000000000,0.093000000000
1486232237,1030.110000000000,0.239000000000
1486232249,1029.730000000000,0.124000000000
1486232249,1029.730000000000,0.091000000000
1486232249,1029.730000000000,0.091000000000
1486232249,1029.730000000000,0.094000000000
1486232249,1029.730000000000,0.092000000000
1486232250,1029.730000000000,0.197000000000
1486232250,1029.650000000000,9.702200000000
1486232250,1029.650000000000,4.997800000000
1486232250,1029.730000000000,0.240000000000
1486232250,1029.730000000000,0.093000000000
1486232250,1029.730000000000,0.201000000000
1486232287,1030.430000000000,0.015100000000
1486232338,1030.430000000000,0.017200000000
1486232347,1030.430000000000,0.109900000000
1486232348,1030.280000000000,10.679700000000
1486232348,1030.280000000000,10.817300000000
1486232370,1030.310000000000,0.110800000000
1486232443,1030.310000000000,0.010400000000
1486232507,1030.600000000000,0.202900000000
1486232611,1030.940000000000,0.172900000000
1486232635,1030.940000000000,0.034500000000
1486232699,1030.970000000000,0.012100000000
1486232764,1030.630000000000,0.152000000000
1486232828,1030.630000000000,0.009500000000
1486232858,1030.630000000000,1.416800000000
1486232958,1030.820000000000,0.031100000000
1486232987,1030.820000000000,0.101700000000
1486233021,1031.120000000000,0.025900000000
1486233052,1031.120000000000,0.305300000000
1486233084,1031.120000000000,0.010400000000
1486233133,1031.670000000000,10.000000000000
1486233149,1031.670000000000,0.012100000000
1486233199,1032.370000000000,4.240000000000
1486233207,1032.210000000000,1.800000000000
1486233210,1032.170000000000,3.300000000000
1486233213,1032.400000000000,0.034500000000
1486233277,1032.850000000000,0.017300000000
1486233287,1032.730000000000,11.104400000000
1486233288,1032.730000000000,0.239000000000
1486233288,1032.730000000000,6.347600000000
1486233288,1032.730000000000,10.248000000000
1486233289,1032.730000000000,0.201000000000
1486233289,1032.730000000000,0.197000000000
1486233289,1032.730000000000,0.239000000000
1486233289,1032.730000000000,0.096000000000
1486233289,1032.730000000000,0.211000000000
1486233289,1032.730000000000,0.200000000000
1486233289,1032.730000000000,0.098000000000
1486233367,1032.980000000000,0.239000000000
1486233367,1032.980000000000,0.239000000000
1486233367,1032.980000000000,0.201000000000
1486233368,1032.980000000000,0.091000000000
1486233368,1032.980000000000,0.239000000000
1486233368,1032.980000000000,0.091000000000
1486233368,1032.980000000000,0.093000000000
1486233368,1032.980000000000,0.091000000000
1486233368,1032.980000000000,0.092000000000
1486233368,1032.980000000000,0.123000000000
1486233369,1032.980000000000,0.093000000000
1486233369,1032.980000000000,0.091000000000
1486233369,1032.980000000000,0.091000000000
1486233391,1033.060000000000,1.000000000000
1486233406,1033.060000000000,1.000000000000
1486233408,1033.050000000000,1.000000000000
1486233461,1033.610000000000,0.071000000000
1486233469,1033.610000000000,0.802600000000
1486233535,1033.610000000000,0.077500000000
1486233586,1033.480000000000,0.192000000000
1486233586,1033.370000000000,0.201000000000
1486233587,1033.370000000000,1.000000000000
1486233600,1033.660000000000,0.142000000000
1486233603,1033.360000000000,1.000000000000
1486233613,1032.390000000000,1.000000000000
1486233660,1032.530000000000,1.000000000000
1486233664,1033.710000000000,0.350200000000
1486233701,1033.690000000000,0.055800000000
1486233724,1033.380000000000,2.000000000000
1486233791,1033.460000000000,0.038800000000
1486233819,1033.510000000000,2.000000000000
1486233829,1032.890000000000,1.000000000000
1486233847,1032.720000000000,0.239000000000
1486233847,1032.720000000000,0.239000000000
1486233847,1032.720000000000,0.238000000000
1486233849,1032.600000000000,0.239000000000
1486233852,1032.600000000000,1.000000000000
1486233855,1032.680000000000,0.124900000000
1486233868,1032.880000000000,1.000000000000
1486233891,1032.900000000000,1.000000000000
1486233893,1032.820000000000,0.197000000000
1486233920,1032.820000000000,0.005200000000
1486233927,1032.790000000000,1.000000000000
1486233934,1033.100000000000,2.000000000000
1486233950,1033.060000000000,0.096000000000
1486233950,1033.050000000000,0.098000000000
1486233950,1033.050000000000,0.201000000000
1486233950,1033.050000000000,0.198000000000
1486233952,1032.790000000000,1.000000000000
1486233978,1033.050000000000,0.144600000000
1486233983,1032.770000000000,0.038800000000
1486234039,1033.050000000000,2.000000000000
1486234047,1033.030000000000,0.005200000000
1486234175,1033.030000000000,0.034500000000
1486234206,1032.860000000000,0.098000000000
1486234206,1032.860000000000,0.201000000000
1486234207,1032.860000000000,0.096000000000
1486234209,1032.440000000000,1.000000000000
1486234280,1032.390000000000,1.000000000000
1486234288,1032.610000000000,1.000000000000
1486234300,1032.650000000000,2.000000000000
1486234301,1032.610000000000,0.239000000000
1486234301,1032.610000000000,0.238000000000
1486234301,1032.610000000000,0.239000000000
1486234305,1032.610000000000,0.239000000000
1486234312,1032.780000000000,1.000000000000
1486234328,1032.760000000000,1.000000000000
1486234359,1032.620000000000,1.000000000000
1486234366,1033.050000000000,0.094800000000
1486234494,1033.050000000000,0.524800000000
1486234528,1032.890000000000,0.238000000000
1486234528,1032.890000000000,0.239000000000
1486234528,1032.890000000000,0.238000000000
1486234528,1032.890000000000,0.238000000000
1486234528,1032.890000000000,0.099000000000
1486234549,1032.830000000000,0.016600000000
1486234558,1032.830000000000,0.017200000000
1486234621,1032.830000000000,0.017200000000
1486234696,1032.790000000000,0.198000000000
1486234696,1032.790000000000,0.201000000000
1486234696,1032.790000000000,0.238000000000
1486234696,1032.790000000000,0.238000000000
1486234696,1032.790000000000,0.239000000000
1486234737,1032.620000000000,0.023600000000
1486234756,1032.620000000000,3.916300000000
1486234760,1032.670000000000,0.016600000000
1486234862,1032.840000000000,0.027200000000
1486234904,1032.290000000000,0.238000000000
1486234904,1032.290000000000,0.172000000000
1486234904,1032.290000000000,0.238000000000
1486234904,1032.290000000000,0.238000000000
1486234905,1032.290000000000,0.238000000000
1486234905,1032.110000000000,0.018100000000
1486234938,1031.300000000000,0.250000000000
1486234940,1031.300000000000,0.012100000000
1486234955,1030.410000000000,0.110000000000
1486234985,1030.200000000000,0.201000000000
1486235004,1030.050000000000,0.012900000000
1486235068,1029.840000000000,0.201000000000
1486235128,1029.630000000000,0.100000000000
1486235131,1036.260000000000,0.008600000000
1486235143,1028.870000000000,2.000000000000
1486235302,1026.000000000000,0.200000000000
1486235386,1026.030000000000,0.008700000000
1486235387,1025.900000000000,1.990000000000
1486235390,1025.850000000000,0.470000000000
1486235392,1025.850000000000,2.610000000000
1486235394,1025.840000000000,1.920000000000
1486235397,1025.820000000000,0.770000000000
1486235403,1026.020000000000,0.750000000000
1486235450,1026.700000000000,0.045000000000
1486235577,1026.970000000000,0.045800000000
1486235617,1027.310000000000,2.650000000000
1486235623,1027.600000000000,1.940000000000
1486235762,1027.520000000000,0.750000000000
1486235768,1027.520000000000,0.043200000000
1486235804,1027.520000000000,0.740000000000
1486235808,1027.520000000000,1.950000000000
1486235812,1027.720000000000,2.310000000000
1486235824,1027.730000000000,2.010000000000
1486235832,1027.710000000000,0.086400000000
1486235894,1028.360000000000,0.201000000000
1486235894,1028.470000000000,0.198000000000
1486235894,1028.470000000000,0.099000000000
1486235895,1028.360000000000,0.097000000000
1486235896,1028.360000000000,0.065800000000
1486235980,1028.360000000000,0.032600000000
1486236024,1028.360000000000,0.103800000000
1486236082,1029.180000000000,3.000000000000
1486236153,1029.470000000000,0.051800000000
1486236201,1029.470000000000,2.680000000000
1486236202,1029.420000000000,10.594600000000
1486236223,1029.480000000000,3.000000000000
1486236224,1029.430000000000,4.100000000000
1486236228,1029.610000000000,2.890000000000
1486236231,1029.520000000000,0.390000000000
1486236282,1029.520000000000,1.813300000000
1486236345,1030.610000000000,0.069000000000
1486236351,1030.610000000000,3.745000000000
1486236410,1030.930000000000,0.050900000000
1486236475,1030.930000000000,0.716300000000
1486236538,1030.930000000000,0.138000000000
1486236603,1030.930000000000,0.225100000000
1486236669,1030.920000000000,0.201000000000
1486236669,1030.920000000000,0.198000000000
1486236670,1030.920000000000,2.000000000000
1486236670,1030.920000000000,0.097000000000
1486236670,1030.920000000000,0.099000000000
1486236670,1030.920000000000,0.096000000000
1486236670,1030.920000000000,0.097000000000
1486236706,1030.580000000000,0.377700000000
1486236731,1030.580000000000,0.015500000000
1486236795,1030.960000000000,0.043100000000
1486236859,1031.300000000000,0.017200000000
1486236862,1031.430000000000,0.000100000000
1486236887,1032.480000000000,0.182400000000
1486236923,1032.480000000000,0.059500000000
1486236947,1032.370000000000,0.197000000000
1486236947,1032.370000000000,0.201000000000
1486236948,1032.370000000000,0.236000000000
1486236948,1032.370000000000,0.097000000000
1486236948,1032.370000000000,0.237000000000
1486236948,1032.370000000000,0.237000000000
1486236948,1032.370000000000,0.099000000000
1486236948,1032.370000000000,0.236000000000
1486237039,1032.490000000000,0.182100000000
1486237053,1032.490000000000,0.452500000000
1486237094,1032.130000000000,2.000000000000
1486237160,1032.990000000000,0.032400000000
1486237220,1032.700000000000,0.197000000000
1486237220,1032.700000000000,0.201000000000
1486237245,1033.150000000000,0.164500000000
1486237357,1033.250000000000,2.770000000000
1486237358,1033.160000000000,2.230000000000
1486237372,1033.190000000000,0.005200000000
1486237397,1032.960000000000,0.097000000000
1486237397,1032.960000000000,0.099000000000
1486237432,1032.730000000000,3.470500000000
1486237432,1032.740000000000,6.529500000000
1486237436,1032.850000000000,0.055200000000
1486237497,1032.850000000000,2.229000000000
1486237501,1032.950000000000,1.464000000000
1486237511,1032.640000000000,0.235000000000
1486237511,1032.640000000000,0.236000000000
1486237511,1032.640000000000,0.237000000000
1486237522,1032.580000000000,0.026100000000
1486237566,1032.580000000000,0.128400000000
1486237630,1032.480000000000,0.181100000000
1486237638,1032.480000000000,0.054300000000
1486237696,1032.480000000000,1.218600000000
1486237710,1032.480000000000,6.101600000000
1486237711,1032.480000000000,6.102800000000
1486237711,1032.480000000000,5.849900000000
1486237712,1032.480000000000,6.142200000000
1486237712,1032.480000000000,6.284900000000
1486237712,1032.480000000000,6.424700000000
1486237712,1032.480000000000,6.509800000000
1486237713,1032.500000000000,0.759900000000
1486237713,1032.500000000000,5.240900000000
1486237713,1032.500000000000,5.219600000000
1486237713,1032.480000000000,5.130100000000
1486237713,1032.500000000000,6.601400000000
1486237714,1032.500000000000,5.400600000000
1486237714,1032.500000000000,6.065200000000
1486237714,1032.500000000000,5.730000000000
1486237715,1032.500000000000,6.221200000000
1486237716,1032.500000000000,5.767200000000
1486237716,1032.500000000000,2.994000000000
1486237824,1032.730000000000,0.108400000000
1486237888,1033.130000000000,0.019000000000
1486237952,1033.130000000000,0.017200000000
1486238080,1034.120000000000,0.009500000000
1486238136,1034.000000000000,10.572000000000
1486238136,1034.000000000000,9.876400000000
1486238136,1034.000000000000,9.825000000000
1486238136,1033.860000000000,10.092500000000
1486238208,1034.070000000000,0.021500000000
1486238228,1034.000000000000,9.728300000000
1486238229,1034.000000000000,10.234000000000
1486238229,1034.000000000000,10.190700000000
1486238229,1034.000000000000,10.192700000000
1486238229,1034.000000000000,10.271000000000
1486238230,1034.000000000000,1.236800000000
1486238230,1034.000000000000,0.201000000000
1486238230,1034.000000000000,9.017400000000
1486238230,1034.000000000000,10.110000000000
1486238230,1034.000000000000,0.198000000000
1486238230,1034.000000000000,10.267800000000
1486238272,1034.010000000000,0.000900000000
1486238301,1034.010000000000,5.574200000000
1486238301,1034.010000000000,6.552200000000
1486238302,1034.010000000000,5.841700000000
1486238302,1034.010000000000,6.167700000000
1486238302,1034.010000000000,5.634700000000
1486238303,1034.010000000000,6.527400000000
1486238303,1034.010000000000,5.969700000000
1486238303,1034.010000000000,6.321700000000
1486238400,1034.010000000000,0.211700000000
1486238458,1034.000000000000,9.737200000000
1486238459,1034.000000000000,9.733800000000
1486238459,1034.000000000000,9.749800000000
1486238459,1034.000000000000,10.005900000000
1486238459,1034.000000000000,10.664900000000
1486238460,1034.000000000000,9.975600000000
1486238460,1034.000000000000,0.052400000000
1486238460,1034.000000000000,9.398400000000
1486238460,1034.000000000000,9.067400000000
1486238461,1034.000000000000,8.908000000000
1486238461,1034.000000000000,0.201000000000
1486238461,1034.000000000000,10.355700000000
1486238461,1034.000000000000,9.498400000000
1486238461,1034.000000000000,9.884300000000
1486238461,1034.000000000000,0.198000000000
1486238462,1034.000000000000,10.092400000000
1486238462,1034.000000000000,9.176000000000
1486238462,1034.010000000000,2.760000000000
1486238462,1034.000000000000,8.920500000000
1486238462,1034.000000000000,9.638000000000
1486238463,1034.000000000000,9.679300000000
1486238463,1034.000000000000,0.099000000000
1486238463,1034.000000000000,9.578600000000
1486238463,1034.000000000000,0.097000000000
1486238463,1034.000000000000,4.268800000000
1486238465,1033.610000000000,0.163500000000
1486238530,1034.010000000000,0.019800000000
